2870 4966
421 371 533 441 260
1021 369 1300 447 zema.
1337 368 1541 445 seir.
1578 368 1690 444 XV
1725 372 1777 459 8,
1811 372 2012 460 13-4,
2049 376 2115 446 8.·

420 567 667 657 σίλειος,
700 568 769 637 ἐν
790 565 854 658 ᾦ
875 567 985 638 καὶ
1006 570 1214 660 βίβλοι
1243 577 1355 660 τῆς
1383 595 1449 638 τε
1478 572 1776 660 θύραθεν
1806 570 2039 659 σοφίας
2067 571 2177 641 καὶ
2194 577 2319 661 τῆς
2351 572 2687 660 εὖγενεστέ.

330 680 401 738 14
420 696 542 760 ρας
570 673 682 742 καὶ
712 674 1043 763 θειοτέρας
1070 675 1299 744 πολλαὶ
1329 678 1748 745 ἔναπέκειντο.
1815 676 1895 765 ἦν
1928 673 1986 744 δ’
2021 675 2210 753 οὗτος
2240 677 2558 747 ἀνέκαθεν
2585 691 2689 752 τοῦ

418 779 821 867 προύχοντος
873 780 941 847 ἐν
989 780 1202 868 λόγοις
1245 783 1749 871 κατοικητήριον,
1815 783 1893 849 ὃν
1938 782 2386 870 οἷκουμενικὸν
2431 784 2690 855 ἐκάλουν

331 891 401 951 15
422 883 836 952 διδάσκαλον·
902 887 977 961 ὃς
1020 885 1132 954 καὶ
1176 886 1435 953 δώδεκα
1484 886 1648 974 εἶχεν
1694 887 1949 973 ἑτέρους
2005 893 2459 963 συνοικοῦντας
2502 890 2688 980 αὐτῷ,
2707 908 2844 973 D111;

420 989 759 1066 κάκείνους
802 997 914 1079 τῆς
959 992 1217 1079 λογικῆς
1260 991 1551 1065 παιδείας
1595 993 1975 1079 μετέχοντας
2019 991 2182 1059 κατὰ
2228 991 2301 1058 τὸ
2333 992 2689 1080 ἀκρότατον.
2704 1007 2734 1064 5

331 1102 402 1158 16
419 1093 664 1169 τούτοις
707 1094 818 1163 καὶ
863 1097 1127 1183 σιτήσεις
1172 1096 1416 1163 ἀνεῖντο
1465 1097 1783 1183 δημόσιαι,
1832 1095 1941 1163 καὶ
1985 1102 2140 1182 παρ’
2181 1098 2397 1170 αὐτοῖς
2428 1098 2691 1184 ἐφοίτων

353 1205 401 1265 C
420 1198 517 1272 οἷς
562 1200 744 1285 ἔμελε
790 1199 1049 1289 λογικῆς
1092 1201 1382 1275 παιδείας
1427 1201 1538 1267 καὶ
1584 1202 1907 1288 γνώσεως,
1955 1204 2071 1276 οὓς
2114 1200 2225 1269 καὶ
2271 1203 2310 1268 ὁ
2345 1203 2691 1289 βασιλεύων

329 1311 397 1370 17
419 1303 831 1391 συμβούλους
895 1306 965 1372 ἐν
1018 1311 1149 1381 τοῖς
1204 1307 1546 1393 πρακτέοις
1589 1306 1911 1395 πεποίητο.
2004 1305 2268 1382 τούτους
2314 1305 2435 1374 οὖν
2480 1309 2539 1374 εἰ
2574 1310 2691 1379 ἕλοι

417 1408 527 1475 καὶ
572 1415 684 1496 τῆς
728 1410 927 1478 αὐτοῦ
966 1411 1297 1498 ποιήσαιτο
1330 1412 1616 1498 γνώμης,
1664 1413 1872 1497 ἔκρινε
1902 1410 1973 1477 τὸ
2004 1415 2133 1478 πιῖν
2165 1410 2688 1498 κατεργάσασθαι.

331 1518 400 1577 18
418 1511 528 1579 καὶ
575 1512 723 1589 τοὺς
768 1514 1014 1601 ἄνδρας
1056 1514 1619 1601 μεταστειλάμενος
1663 1515 1777 1602 τὴν
1821 1514 1966 1602 περὶ
2010 1520 2143 1582 τῶν
2173 1518 2501 1602 σεβαστῶν
2532 1518 2688 1584 εἰκό-
2707 1526 2762 1586 10

332 1625 401 1681 19
419 1641 555 1684 νων
613 1619 882 1707 γνώμην
939 1619 1137 1685 αὐτοῦ
1192 1617 1307 1705 τὴν
1370 1618 1665 1706 πονηρὰν
1728 1619 1945 1693 αὐτοῖς
2009 1620 2421 1687 ἐκοινώσατο.
2515 1621 2577 1687 οἷ
2627 1622 2690 1691 δὲ

420 1723 543 1811 οὔχ
590 1723 747 1790 ὅσον
794 1722 914 1811 οὐχ
968 1723 1359 1810 ώμοδόξουν
1413 1724 1611 1811 αὐτῷ,
1670 1717 1834 1790 ’ἀλλὰ
1900 1722 2009 1791 καὶ
2073 1723 2269 1791 αὐτὸν
2323 1732 2690 1814 μεταστῆσαι

418 1835 531 1917 τῆς
577 1829 844 1917 γνώμης
887 1830 1119 1917 ταύτης
1165 1829 1532 1917 ἐπεχείρουν
1578 1829 1968 1917 ὁλοσχερῶς,
2011 1835 2104 1918 πῇ
2133 1828 2255 1916 μὲν
2286 1834 2691 1917 καταψῶντες

419 1934 529 2001 τὸν
575 1936 753 2023 θῆρα
801 1933 911 2001 τὸν
944 1934 1390 2022 λεοντώνυμον
1421 1933 1531 2002 καὶ
1563 1934 2026 2023 κατεπᾴδοντες
2057 1936 2255 2002 αὐτοῦ
2288 1933 2363 2001 τά
2397 1936 2688 2024 σωτήρια,

417 2048 510 2129 πῇ
559 2042 631 2109 δὲ
678 2041 1111 2128 γενναιότερον
1157 2043 1615 2130 ἀντιβαίνοιτες
1657 2040 1766 2109 καὶ
1800 2042 2219 2130 διελέγχοντες
2249 2042 2362 2131 τὴν
2393 2043 2688 2131 ἀσέβειαν.
2708 2051 2762 2110 lt

328 2147 458 2214 2οδ
518 2147 589 2214 δὲ
647 2146 801 2215 ὡσεὶ
866 2148 1055 2222 ἀσπὶς
1118 2149 1268 2236 ἔβυε
1330 2147 1406 2216 τὰ
1473 2146 1608 2215 ὦτα
1675 2148 1784 2216 καὶ
1848 2155 2078 2237 φωνῆς
2142 2148 2515 2235 ἐπᾳδόντων
2578 2149 2690 2217 οὐκ

327 2259 395 2315 21
420 2255 658 2340 ἤκουεν
707 2249 849 2321 οὐδ’
909 2254 1396 2341 ἔφαρμακεύετο
1451 2252 1629 2341 παρὰ
1684 2259 1815 2319 τῶν
1880 2259 2126 2340 σοφῶν.
2217 2253 2522 2328 πολλάκις
2585 2253 2692 2321 οὖν

340 2364 396 2421 D
419 2359 634 2433 αὐτοῖς
679 2356 1203 2456 προσῳμιληκῲς
1245 2358 1355 2425 καὶ
1400 2358 1516 2445 τὴν
1548 2359 1764 2425 αὐτῶν
1792 2358 2133 2445 μετάθεσιν
2163 2359 2509 2445 ἀπογνούς,
2555 2357 2693 2433 τοὺς

530 2596 559 2652 1
599 2594 658 2652 ἐν
697 2611 812 2653 om.
854 2595 902 2653 E
1109 2595 1145 2653 2
1180 2595 1523 2653 ἕναπόκειντο
1561 2595 1610 2653 Ε
1690 2636 1695 2643 -
1818 2594 1851 2653 ‘l
1889 2595 2044 2667 ἔμελε
2082 2592 2333 2669 prDi,
2371 2596 2555 2668 ἔμελλε
2590 2594 2691 2653 AR

598 2667 861 2742 παιδείας]
901 2669 1096 2741 σοφίας
1134 2667 1182 2727 C
1346 2671 1403 2726 ol
1427 2668 1796 2743 βασιλεύοντες
1835 2667 1985 2742 pr
2150 2670 2187 2727 8
2222 2671 2511 2741 πεποίηντο
2549 2667 2689 2741 pr

523 2741 560 2798 9
595 2742 759 2799 αὐτοῦ
785 2740 858 2814 A,
895 2742 1087 2800 ἑαυτοῦ
1113 2739 1356 2814 prDi
1504 2743 1576 2799 10
1610 2741 2097 2815 μεταπεμψάμενος
2124 2741 2173 2800 Ο
2312 2742 2545 2799 εἰκόνων
2582 2758 2689 2799 om.

529 2813 680 2888 κνῆ),
718 2815 1125 2888 imaginibusz
1177 2816 1280 2873 Wo
1319 2815 1420 2872 lat.
1669 2814 1739 2872 12
1774 2813 1961 2871 ἑαυτὸν
1997 2814 2053 2871 D
2288 2823 2601 2888 μεταστῆναι
2639 2813 2689 2870 D

526 2888 597 2944 14
633 2889 871 2961 σωτήρια
900 2884 1157 2961 prDi,
1198 2892 1397 2961 posto
1420 2889 1486 2946 in
1523 2888 1750 2946 lacuna
1788 2903 1979 2945 manu
2016 2889 2247 2947 recenti
2279 2889 2530 2946 additae
2556 2892 2691 2945 sunt

526 2961 770 3020 litterae
808 2961 1116 3035 quaedam
1154 2962 1218 3018 in
1256 2959 1328 3033 A,
1386 2978 1550 3035 quae
1589 2962 1772 3036 plane
1810 2960 2030 3076 dispici
2071 2963 2195 3021 iam
2243 2978 2370 3020 non
2417 2964 2687 3036 possunt3

527 3090 815 3164 equidem
852 3088 1004 3165 legi:
1038 3089 1314 3164 ‚ontbzffss
1352 3089 1622 3150 Haasius
1660 3089 1879 3165 σκὶιτηῐὶ
2135 3088 2204 3149 15
2243 3098 2388 3150 ante
2425 3088 2522 3165 τὴν
2558 3086 2689 3146 add.

525 3164 693 3223 αὐτοῦ
733 3164 883 3240 pr
1035 3164 1103 3223 17
1142 3164 1379 3237 ἤκουσεν
1417 3163 1474 3222 D
1536 3205 1539 3210 -
1623 3165 1695 3223 18
1730 3161 2152 3241 προςομιληκὼς
2188 3163 2337 3239 Ewp

419 3384 661 3461 dicitur,
727 3386 1009 3463 proxime
1062 3385 1289 3479 Forum
1336 3375 1648 3448 aerarium
1698 3343 1892 3463 reaia,
1941 3386 2004 3447 ln
2055 3401 2180 3462 qua
2226 3385 2400 3445 multi
2450 3385 2588 3444 libri
2636 3375 2690 3443 etl

353 3511 356 3514 ·
464 3469 839 3594 Ἳίῗῗίίοηῖἰῖι
882 3462 2060 3595 &335¹‘3:132112001d231‘lffm&iiiiii
2067 3460 2690 3608 {instituistis

329 3539 653 3680 {g'dritione
693 3611 865 3669 excel
893 3616 1040 3682 eret,
1079 3555 1260 3685 qtltjem
1303 3612 1768 3669 oecumenicum
1822 3610 2221 3684 appellabant
2258 3576 2596 3680 doctoremg
2644 3605 2691 3662 is
2728 3631 2729 3634 ¹

217 3733 222 3739 .
329 3688 401 3747 16
421 3690 483 3743 et
539 3683 865 3742 duodecim
924 3684 1194 3743 babebat
1251 3685 1728 3743 contubernales
1792 3683 2166 3742 excellenter
2223 3683 2514 3740 eruditos.
2589 3679 2691 3736 His

420 3758 705 3831 publicus
732 3759 932 3815 victus
954 3759 1374 3832 praebebatur
1395 3774 1627 3832 eosque
1654 3758 2017 3815 eruditionis
2056 3762 2116 3814 et
2144 3756 2515 3829 cognitionis
2532 3752 2691 3810 avidi

419 3831 694 3902 adibant,
759 3832 870 3889 hos
910 3838 971 3890 et
1023 3848 1134 3889 rex
1184 3833 1265 3889 ad
1318 3849 1524 3890 rerum
1580 3831 1997 3905 gerendarum
2056 3831 2310 3888 consilia
2349 3828 2688 3885 adhibebat.
2774 3854 2778 3860 ·

329 3908 399 3968 17
419 3905 540 3962 Eos
566 3906 759 3978 igitur
796 3906 847 3963 si
875 3906 1138 3979 cepisset
1176 3906 1238 3964 in
1266 3921 1570 3980 suamque
1590 3907 1881 3962 traxisset
1918 3905 2299 3974 sententiam,
2341 3903 2546 3960 omnia
2582 3898 2690 3958 sibi

330 3984 400 4040 18
420 3979 705 4036 confecta
743 3980 878 4036 fore
917 3981 1195 4053 putabat.
1269 3978 1542 4036 Arcessit
1579 3979 1772 4051 igitur
1812 3980 1978 4036 viros
2017 3978 2487 4050 improbamque
2524 3988 2689 4032 suam

331 4056 401 4114 19
421 4051 499 4110 de
538 4053 912 4110 venerandis
950 4052 1327 4125 imaginibus
1379 4054 1731 4126 opinionem
1784 4067 1922 4108 cum
1980 4051 2052 4107 iis
2093 4052 2518 4108 communicat.
2581 4045 2691 4114 Qui

420 4125 579 4182 adeo
619 4127 676 4183 ei
715 4142 841 4183 non
869 4127 1385 4198 assentiebantur,
1424 4131 1495 4182 ut
1533 4129 1595 4182 et
1627 4126 1832 4196 'ipsum
1860 4140 2113 4197 prorsus
2152 4124 2467 4180 abducere
2505 4122 2583 4178 ab
2621 4133 2691 4176 ea

422 4199 713 4270 opinione
751 4206 1143 4271 conarentur,
1184 4201 1403 4273 partim
1446 4199 1862 4255 demulcentes
1915 4199 2113 4254 ferum
2155 4197 2321 4252 illum
2361 4197 2598 4252 leonem
2635 4195 2691 4248 et

420 4269 808 4329 incantantes
846 4274 1121 4329 carmina
1160 4273 1472 4341 salutaria,
1514 4273 1734 4344 partim
1764 4271 2170 4328 confidentius
2198 4270 2599 4326 adversantes
2636 4268 2692 4320 et

327 4347 833 4416 20coarguentes
887 4346 1279 4418 impietatem.
1356 4345 1478 4404 Sed
1518 4345 1616 4402 ille
1658 4346 1849 4400 instar
1876 4344 2108 4416 aspidis
2148 4342 2481 4400 obturabat
2518 4350 2691 4425 aures

419 4427 625 4488 neque
664 4419 1112 4475 incantantium
1151 4434 1368 4476 vocem
1408 4418 1773 4474 admittebat
1811 4433 2014 4489 neque
2050 4416 2417 4474 medicinam
2445 4413 2692 4484 accipie·
2804 4487 2808 4492 ᾗ

326 4492 396 4555 21
421 4489 528 4547 bat
565 4507 603 4547 a
642 4491 789 4548 viris
849 4492 1251 4566 sapientibus.
1329 4491 1480 4550 Cum
1519 4492 1710 4565 igitur
1765 4506 1953 4565 saepe
1992 4506 2131 4547 cum
2172 4491 2245 4546 iis
2285 4490 2531 4562 egisset,
2570 4499 2693 4560 per·
