<?xml version="1.0" encoding="UTF-8"?>
<!DOCTYPE html PUBLIC "-//W3C//DTD XHTML 1.0 Transitional//EN"
    "http://www.w3.org/TR/xhtml1/DTD/xhtml1-transitional.dtd">
<html xmlns="http://www.w3.org/1999/xhtml" xml:lang="en" lang="en">
 <head>
  <title>
</title>
<meta http-equiv="Content-Type" content="text/html;charset=utf-8" />
  <meta name='ocr-system' content='tesseract 3.04.00' />
  <meta name='ocr-capabilities' content='ocr_page ocr_carea ocr_par ocr_line ocrx_word'/>
</head>
<body>
  <div class='ocr_page' id='page_1' title='image "./corpusscriptoru13berlgoog/corpusscriptoru13berlgoog_0326.png"; bbox 0 0 2870 4966; ppageno 0'>
   <div class='ocr_carea' id='block_1_1' title="bbox 201 283 2451 390">
    <p class='ocr_par' dir='ltr' id='par_1_1' title="bbox 201 283 2451 390">
     <span class='ocr_line' id='line_1_1' title="bbox 201 283 2451 390; baseline -0.002 -7"><span class='ocrx_word' id='word_1_1' title='bbox 201 283 430 390; x_wconf 65' lang='lat' dir='ltr'><strong><em>mom</em></strong></span> <span class='ocrx_word' id='word_1_2' title='bbox 465 307 567 379; x_wconf 73' lang='grc' dir='ltr'><strong><em>Ν.</em></strong></span> <span class='ocrx_word' id='word_1_3' title='bbox 602 306 1067 381; x_wconf 72' lang='lat' dir='ltr'><strong>svccsnvn‘r</strong></span> <span class='ocrx_word' id='word_1_4' title='bbox 1103 305 1344 381; x_wconf 67' lang='lat' dir='ltr'><strong>inens</strong></span> <span class='ocrx_word' id='word_1_5' title='bbox 1379 304 1486 379; x_wconf 62' lang='lat' dir='ltr'><strong><em>m*</em></strong></span> <span class='ocrx_word' id='word_1_6' title='bbox 1521 301 2122 380; x_wconf 69' lang='lat' dir='ltr'><strong>cons‘rAnvas</strong></span> <span class='ocrx_word' id='word_1_7' title='bbox 2156 316 2258 378; x_wconf 67' lang='lat' dir='ltr'><strong>vr</strong></span> <span class='ocrx_word' id='word_1_8' title='bbox 2341 306 2451 378; x_wconf 73' lang='lat' dir='ltr'><strong><em>sat</em></strong></span> 
     </span>
    </p>
   </div>
   <div class='ocr_carea' id='block_1_2' title="bbox 76 492 2822 2491">
    <p class='ocr_par' dir='ltr' id='par_1_2' title="bbox 199 492 2559 912">
     <span class='ocr_line' id='line_1_2' title="bbox 380 492 2559 596; baseline 0 -23"><span class='ocrx_word' id='word_1_9' title='bbox 380 505 513 574; x_wconf 81' lang='grc' dir='ltr'><strong><em>Τοῦ</em></strong></span> <span class='ocrx_word' id='word_1_10' title='bbox 562 502 632 574; x_wconf 76' lang='grc' dir='ltr'><strong><em>δὲ</em></strong></span> <span class='ocrx_word' id='word_1_11' title='bbox 677 504 993 582; x_wconf 75' lang='grc' dir='ltr'><strong><em>θανόντος</em></strong></span> <span class='ocrx_word' id='word_1_12' title='bbox 1035 507 1078 596; x_wconf 77' lang='grc' dir='ltr'><strong><em>ἡ</em></strong></span> <span class='ocrx_word' id='word_1_13' title='bbox 1124 492 1467 595; x_wconf 78' lang='grc' dir='ltr'><strong><em>Αύγούστα</em></strong></span> <span class='ocrx_word' id='word_1_14' title='bbox 1508 503 1754 595; x_wconf 83' lang='grc' dir='ltr'><strong><em>Είρήνη</em></strong></span> <span class='ocrx_word' id='word_1_15' title='bbox 1801 503 1918 575; x_wconf 81' lang='grc' dir='ltr'><strong><em>σὺν</em></strong></span> <span class='ocrx_word' id='word_1_16' title='bbox 1960 512 2056 594; x_wconf 78' lang='grc' dir='ltr'><strong><em>τῷ</em></strong></span> <span class='ocrx_word' id='word_1_17' title='bbox 2098 504 2226 573; x_wconf 74' lang='grc' dir='ltr'><strong><em>υἱώ</em></strong></span> <span class='ocrx_word' id='word_1_18' title='bbox 2254 503 2446 573; x_wconf 85' lang='grc' dir='ltr'><strong><em>Κων-</em></strong></span> <span class='ocrx_word' id='word_1_19' title='bbox 2471 508 2559 579; x_wconf 88' lang='grc'><strong><em>10</em></strong></span> 
     </span>
     <span class='ocr_line' id='line_1_3' title="bbox 200 608 2450 703; baseline -0.001 -23"><span class='ocrx_word' id='word_1_20' title='bbox 200 611 491 703; x_wconf 82' lang='grc' dir='ltr'><strong><em>σταντίνῳ</em></strong></span> <span class='ocrx_word' id='word_1_21' title='bbox 556 610 825 679; x_wconf 77' lang='grc' dir='ltr'><strong><em>δέκατον</em></strong></span> <span class='ocrx_word' id='word_1_22' title='bbox 879 610 1165 681; x_wconf 70' lang='grc' dir='ltr'><strong><em>ἐνιαυτὸν</em></strong></span> <span class='ocrx_word' id='word_1_23' title='bbox 1219 618 1331 700; x_wconf 86' lang='grc' dir='ltr'><strong><em>τῆς</em></strong></span> <span class='ocrx_word' id='word_1_24' title='bbox 1383 611 1629 701; x_wconf 78' lang='grc' dir='ltr'><strong><em>ἡλικίας</em></strong></span> <span class='ocrx_word' id='word_1_25' title='bbox 1685 610 1936 680; x_wconf 64' lang='lat' dir='ltr'><strong><em>‹tvvs-om</em></strong></span> <span class='ocrx_word' id='word_1_26' title='bbox 1980 608 2093 699; x_wconf 84' lang='grc' dir='ltr'><strong><em>τὴν</em></strong></span> <span class='ocrx_word' id='word_1_27' title='bbox 2136 609 2450 700; x_wconf 87' lang='grc' dir='ltr'><strong><em>βασίλειον</em></strong></span> 
     </span>
     <span class='ocr_line' id='line_1_4' title="bbox 201 713 2504 807; baseline 0.001 -22"><span class='ocrx_word' id='word_1_28' title='bbox 201 716 395 807; x_wconf 78' lang='grc' dir='ltr'><strong><em>ἁρχὴν</em></strong></span> <span class='ocrx_word' id='word_1_29' title='bbox 459 714 835 795; x_wconf 70' lang='grc' dir='ltr'><strong><em>διεδέξαντο.</em></strong></span> <span class='ocrx_word' id='word_1_30' title='bbox 926 716 1092 807; x_wconf 82' lang='grc' dir='ltr'><strong><em>ἦσαν</em></strong></span> <span class='ocrx_word' id='word_1_31' title='bbox 1156 716 1226 785; x_wconf 76' lang='grc' dir='ltr'><strong><em>δὲ</em></strong></span> <span class='ocrx_word' id='word_1_32' title='bbox 1289 717 1497 806; x_wconf 74' lang='grc' dir='ltr'><strong><em>ἄμφω</em></strong></span> <span class='ocrx_word' id='word_1_33' title='bbox 1560 721 1691 785; x_wconf 88' lang='grc' dir='ltr'><strong><em>τῶν</em></strong></span> <span class='ocrx_word' id='word_1_34' title='bbox 1752 715 2118 805; x_wconf 76' lang='grc' dir='ltr'><strong><em>σεβασμίων</em></strong></span> <span class='ocrx_word' id='word_1_35' title='bbox 2180 713 2504 788; x_wconf 64' lang='grc' dir='ltr'><strong><em>εἷκόνωνῖ</em></strong></span> 
     </span>
     <span class='ocr_line' id='line_1_5' title="bbox 199 818 2448 912; baseline -0.002 -19"><span class='ocrx_word' id='word_1_36' title='bbox 199 821 636 912; x_wconf 84' lang='grc' dir='ltr'><strong><em>προσκυνηταί,</em></strong></span> <span class='ocrx_word' id='word_1_37' title='bbox 683 818 818 893; x_wconf 77' lang='grc' dir='ltr'><strong><em>ἀλλ’</em></strong></span> <span class='ocrx_word' id='word_1_38' title='bbox 867 825 1058 892; x_wconf 78' lang='grc' dir='ltr'><strong><em>οὔπω</em></strong></span> <span class='ocrx_word' id='word_1_39' title='bbox 1103 822 1251 899; x_wconf 79' lang='grc' dir='ltr'><strong><em>τοὺς</em></strong></span> <span class='ocrx_word' id='word_1_40' title='bbox 1293 822 1504 899; x_wconf 85' lang='grc' dir='ltr'><strong><em>πόδας</em></strong></span> <span class='ocrx_word' id='word_1_41' title='bbox 1547 828 1622 911; x_wconf 85' lang='grc' dir='ltr'><strong><em>τῇ</em></strong></span> <span class='ocrx_word' id='word_1_42' title='bbox 1664 821 1947 910; x_wconf 78' lang='grc' dir='ltr'><strong><em>βασιλείᾳ</em></strong></span> <span class='ocrx_word' id='word_1_43' title='bbox 1980 820 2263 909; x_wconf 76' lang='grc' dir='ltr'><strong><em>βεβαίως</em></strong></span> <span class='ocrx_word' id='word_1_44' title='bbox 2293 819 2448 908; x_wconf 73' lang='grc' dir='ltr'><strong><em>ἐρεί-</em></strong></span> 
     </span>
    </p>

    <p class='ocr_par' dir='ltr' id='par_1_3' title="bbox 155 926 2595 1437">
     <span class='ocr_line' id='line_1_6' title="bbox 155 926 2452 1016; baseline -0.001 -19"><span class='ocrx_word' id='word_1_45' title='bbox 155 943 185 1003; x_wconf 77' lang='lat'><strong>6</strong></span> <span class='ocrx_word' id='word_1_46' title='bbox 200 927 338 998; x_wconf 89' lang='grc' dir='ltr'><strong><em>σασί</em></strong></span> <span class='ocrx_word' id='word_1_47' title='bbox 376 951 535 1002; x_wconf 90' lang='grc' dir='ltr'><strong><em>τινες</em></strong></span> <span class='ocrx_word' id='word_1_48' title='bbox 588 927 803 1003; x_wconf 81' lang='grc' dir='ltr'><strong><em>αὐτοῖς</em></strong></span> <span class='ocrx_word' id='word_1_49' title='bbox 858 929 1345 1016; x_wconf 77' lang='grc' dir='ltr'><strong><em>ἐπεβούλευσαν,</em></strong></span> <span class='ocrx_word' id='word_1_50' title='bbox 1409 930 1510 997; x_wconf 73' lang='grc' dir='ltr'><strong><em>ἵνα</em></strong></span> <span class='ocrx_word' id='word_1_51' title='bbox 1569 927 1680 997; x_wconf 86' lang='grc' dir='ltr'><strong><em>τὸν</em></strong></span> <span class='ocrx_word' id='word_1_52' title='bbox 1724 926 2019 1014; x_wconf 88' lang='grc' dir='ltr'><strong><em>Καίσαρα</em></strong></span> <span class='ocrx_word' id='word_1_53' title='bbox 2066 926 2452 1016; x_wconf 81' lang='grc' dir='ltr'><strong><em>Νικηφόρον</em></strong></span> 
     </span>
     <span class='ocr_line' id='line_1_7' title="bbox 197 1031 2527 1123; baseline 0.001 -22"><span class='ocrx_word' id='word_1_54' title='bbox 197 1033 299 1101; x_wconf 87' lang='grc' dir='ltr'><strong><em>τὸν</em></strong></span> <span class='ocrx_word' id='word_1_55' title='bbox 362 1037 474 1099; x_wconf 84' lang='grc' dir='ltr'><strong><em>τοῦ</em></strong></span> <span class='ocrx_word' id='word_1_56' title='bbox 541 1032 858 1109; x_wconf 77' lang='grc' dir='ltr'><strong><em>θανόντος</em></strong></span> <span class='ocrx_word' id='word_1_57' title='bbox 922 1034 1237 1123; x_wconf 87' lang='grc' dir='ltr'><strong><em>βασιλέως</em></strong></span> <span class='ocrx_word' id='word_1_58' title='bbox 1304 1032 1586 1108; x_wconf 84' lang='grc' dir='ltr'><strong><em>Λέοντος</em></strong></span> <span class='ocrx_word' id='word_1_59' title='bbox 1661 1031 1943 1120; x_wconf 83' lang='grc' dir='ltr'><strong><em>ἀδελφὸν</em></strong></span> <span class='ocrx_word' id='word_1_60' title='bbox 2014 1032 2449 1121; x_wconf 88' lang='grc' dir='ltr'><strong><em>βασιλεύσωσι.</em></strong></span> <span class='ocrx_word' id='word_1_61' title='bbox 2470 1041 2527 1104; x_wconf 91' lang='lat' dir='ltr'><strong>D</strong></span> 
     </span>
     <span class='ocr_line' id='line_1_8' title="bbox 199 1137 2506 1230; baseline 0.001 -24"><span class='ocrx_word' id='word_1_62' title='bbox 199 1138 582 1227; x_wconf 71' lang='grc' dir='ltr'><strong><em>γνωσθείσης</em></strong></span> <span class='ocrx_word' id='word_1_63' title='bbox 637 1137 708 1206; x_wconf 84' lang='grc' dir='ltr'><strong><em>δὲ</em></strong></span> <span class='ocrx_word' id='word_1_64' title='bbox 760 1146 871 1227; x_wconf 85' lang='grc' dir='ltr'><strong><em>τῆς</em></strong></span> <span class='ocrx_word' id='word_1_65' title='bbox 915 1140 1325 1227; x_wconf 83' lang='grc' dir='ltr'><strong><em>συνωμοσίας</em></strong></span> <span class='ocrx_word' id='word_1_66' title='bbox 1367 1138 1518 1215; x_wconf 87' lang='grc' dir='ltr'><strong><em>τοὺς</em></strong></span> <span class='ocrx_word' id='word_1_67' title='bbox 1560 1138 1681 1226; x_wconf 77' lang='grc' dir='ltr'><strong><em>μὲν</em></strong></span> <span class='ocrx_word' id='word_1_68' title='bbox 1724 1145 1836 1228; x_wconf 88' lang='grc' dir='ltr'><strong><em>τῆς</em></strong></span> <span class='ocrx_word' id='word_1_69' title='bbox 1880 1137 2218 1230; x_wconf 76' lang='grc' dir='ltr'><strong><em>ἐπιβουλῆς</em></strong></span> <span class='ocrx_word' id='word_1_70' title='bbox 2260 1162 2448 1227; x_wconf 83' lang='grc' dir='ltr'><strong><em>μετα·</em></strong></span> <span class='ocrx_word' id='word_1_71' title='bbox 2468 1149 2506 1209; x_wconf 82' lang='grc'>3</span> 
     </span>
     <span class='ocr_line' id='line_1_9' title="bbox 198 1243 2449 1333; baseline -0 -22"><span class='ocrx_word' id='word_1_72' title='bbox 198 1243 453 1332; x_wconf 86' lang='grc' dir='ltr'><strong><em>σχόντας</em></strong></span> <span class='ocrx_word' id='word_1_73' title='bbox 498 1245 872 1332; x_wconf 81' lang='grc' dir='ltr'><strong><em>αἰκισαμένη</em></strong></span> <span class='ocrx_word' id='word_1_74' title='bbox 920 1245 960 1331; x_wconf 84' lang='grc' dir='ltr'><strong><em>ἡ</em></strong></span> <span class='ocrx_word' id='word_1_75' title='bbox 1007 1244 1250 1331; x_wconf 82' lang='grc' dir='ltr'><strong><em>βασιλὶς</em></strong></span> <span class='ocrx_word' id='word_1_76' title='bbox 1293 1244 1403 1312; x_wconf 79' lang='grc' dir='ltr'><strong><em>καὶ</em></strong></span> <span class='ocrx_word' id='word_1_77' title='bbox 1448 1244 1562 1333; x_wconf 84' lang='grc' dir='ltr'><strong><em>τὴν</em></strong></span> <span class='ocrx_word' id='word_1_78' title='bbox 1604 1245 1903 1332; x_wconf 90' lang='grc' dir='ltr'><strong><em>τρίχωσιν</em></strong></span> <span class='ocrx_word' id='word_1_79' title='bbox 1933 1244 2145 1319; x_wconf 81' lang='grc' dir='ltr'><strong><em>,αὐτοῖς</em></strong></span> <span class='ocrx_word' id='word_1_80' title='bbox 2175 1244 2449 1330; x_wconf 60' lang='lat' dir='ltr'><strong><em>damoet-</em></strong></span> 
     </span>
     <span class='ocr_line' id='line_1_10' title="bbox 198 1348 2595 1437; baseline 0.001 -22"><span class='ocrx_word' id='word_1_81' title='bbox 198 1353 348 1427; x_wconf 80' lang='grc' dir='ltr'><strong><em>ξασα</em></strong></span> <span class='ocrx_word' id='word_1_82' title='bbox 411 1348 759 1434; x_wconf 81' lang='grc' dir='ltr'><strong><em>ὑπερορίαν</em></strong></span> <span class='ocrx_word' id='word_1_83' title='bbox 821 1349 1068 1416; x_wconf 90' lang='grc' dir='ltr'><strong><em>τούτων</em></strong></span> <span class='ocrx_word' id='word_1_84' title='bbox 1131 1352 1632 1437; x_wconf 82' lang='grc' dir='ltr'><strong><em>κατεψηφίσατο,</em></strong></span> <span class='ocrx_word' id='word_1_85' title='bbox 1697 1348 1846 1423; x_wconf 86' lang='grc' dir='ltr'><strong><em>τοὺς</em></strong></span> <span class='ocrx_word' id='word_1_86' title='bbox 1910 1348 1980 1416; x_wconf 86' lang='grc' dir='ltr'><strong><em>δὲ</em></strong></span> <span class='ocrx_word' id='word_1_87' title='bbox 2042 1353 2156 1415; x_wconf 86' lang='grc' dir='ltr'><strong><em>τοῦ</em></strong></span> <span class='ocrx_word' id='word_1_88' title='bbox 2215 1348 2452 1435; x_wconf 83' lang='grc' dir='ltr'><strong><em>ἀνδρὸς</em></strong></span> <span class='ocrx_word' id='word_1_89' title='bbox 2467 1361 2507 1422; x_wconf 76' lang='lat'><em>4</em></span> <span class='ocrx_word' id='word_1_90' title='bbox 2589 1372 2595 1378; x_wconf 86' lang='lat'><strong>·</strong></span> 
     </span>
    </p>

    <p class='ocr_par' dir='ltr' id='par_1_4' title="bbox 126 1451 2450 1541">
     <span class='ocr_line' id='line_1_11' title="bbox 126 1451 2450 1541; baseline -0.001 -21"><span class='ocrx_word' id='word_1_91' title='bbox 126 1477 185 1536; x_wconf 86' lang='lat'><strong><em>10</em></strong></span> <span class='ocrx_word' id='word_1_92' title='bbox 199 1455 382 1541; x_wconf 81' lang='grc' dir='ltr'><strong><em>αὐτῆς</em></strong></span> <span class='ocrx_word' id='word_1_93' title='bbox 427 1451 747 1538; x_wconf 83' lang='grc' dir='ltr'><strong><em>ἀδελφοὺς</em></strong></span> <span class='ocrx_word' id='word_1_94' title='bbox 790 1453 940 1528; x_wconf 92' lang='grc' dir='ltr'><strong><em>τούς</em></strong></span> <span class='ocrx_word' id='word_1_95' title='bbox 983 1478 1048 1520; x_wconf 91' lang='grc' dir='ltr'><strong><em>τε</em></strong></span> <span class='ocrx_word' id='word_1_96' title='bbox 1094 1453 1427 1541; x_wconf 88' lang='grc' dir='ltr'><strong><em>Καίσαρας</em></strong></span> <span class='ocrx_word' id='word_1_97' title='bbox 1472 1454 1581 1521; x_wconf 80' lang='grc' dir='ltr'><strong><em>καὶ</em></strong></span> <span class='ocrx_word' id='word_1_98' title='bbox 1625 1454 1773 1529; x_wconf 88' lang='grc' dir='ltr'><strong><em>τοὺς</em></strong></span> <span class='ocrx_word' id='word_1_99' title='bbox 1824 1453 2280 1541; x_wconf 86' lang='grc' dir='ltr'><strong><em>νωβελισίμους</em></strong></span> <span class='ocrx_word' id='word_1_100' title='bbox 2331 1476 2450 1520; x_wconf 90' lang='grc' dir='ltr'><strong><em>κα-</em></strong></span> 
     </span>
    </p>

    <p class='ocr_par' dir='ltr' id='par_1_5' title="bbox 76 1557 2540 1962">
     <span class='ocr_line' id='line_1_12' title="bbox 76 1557 2453 1647; baseline 0 -22"><span class='ocrx_word' id='word_1_101' title='bbox 76 1629 79 1632; x_wconf 65' lang='grc'><strong><em>,</em></strong></span> <span class='ocrx_word' id='word_1_102' title='bbox 198 1566 374 1646; x_wconf 87' lang='grc' dir='ltr'><strong><em>ρῆναι</em></strong></span> <span class='ocrx_word' id='word_1_103' title='bbox 416 1558 961 1645; x_wconf 86' lang='grc' dir='ltr'><strong><em>παρασκευάσασα</em></strong></span> <span class='ocrx_word' id='word_1_104' title='bbox 1006 1558 1116 1626; x_wconf 80' lang='grc' dir='ltr'><strong><em>καὶ</em></strong></span> <span class='ocrx_word' id='word_1_105' title='bbox 1162 1559 1516 1646; x_wconf 75' lang='grc' dir='ltr'><strong><em>ἱερωσύνης</em></strong></span> <span class='ocrx_word' id='word_1_106' title='bbox 1547 1560 1900 1647; x_wconf 74' lang='grc' dir='ltr'><strong><em>ἀξιωθῆναι</em></strong></span> <span class='ocrx_word' id='word_1_107' title='bbox 1933 1557 2041 1625; x_wconf 73' lang='grc' dir='ltr'><strong><em>καὶ</em></strong></span> <span class='ocrx_word' id='word_1_108' title='bbox 2068 1558 2453 1645; x_wconf 84' lang='grc' dir='ltr'><strong><em>μεταδοῦναι</em></strong></span> 
     </span>
     <span class='ocr_line' id='line_1_13' title="bbox 197 1650 2540 1752; baseline -0.001 -21"><span class='ocrx_word' id='word_1_109' title='bbox 197 1671 282 1750; x_wconf 77' lang='grc' dir='ltr'><strong><em>τῷ</em></strong></span> <span class='ocrx_word' id='word_1_110' title='bbox 302 1664 442 1751; x_wconf 81' lang='grc' dir='ltr'><strong><em>λαῷ</em></strong></span> <span class='ocrx_word' id='word_1_111' title='bbox 462 1668 595 1730; x_wconf 85' lang='grc' dir='ltr'><strong><em>τῶν</em></strong></span> <span class='ocrx_word' id='word_1_112' title='bbox 618 1664 1029 1751; x_wconf 82' lang='grc' dir='ltr'><strong><em>ᾶγιασμάτων</em></strong></span> <span class='ocrx_word' id='word_1_113' title='bbox 1054 1665 1308 1752; x_wconf 78' lang='grc' dir='ltr'><strong><em>ἐποίησε</em></strong></span> <span class='ocrx_word' id='word_1_114' title='bbox 1330 1664 1493 1731; x_wconf 81' lang='grc' dir='ltr'><strong><em>κατὰ</em></strong></span> <span class='ocrx_word' id='word_1_115' title='bbox 1517 1664 1630 1752; x_wconf 86' lang='grc' dir='ltr'><strong><em>τὴν</em></strong></span> <span class='ocrx_word' id='word_1_116' title='bbox 1649 1663 1874 1752; x_wconf 79' lang='grc' dir='ltr'><strong><em>ἑορτὴν</em></strong></span> <span class='ocrx_word' id='word_1_117' title='bbox 1895 1671 2006 1752; x_wconf 88' lang='grc' dir='ltr'><strong><em>τῆς</em></strong></span> <span class='ocrx_word' id='word_1_118' title='bbox 2026 1669 2139 1730; x_wconf 86' lang='grc' dir='ltr'><strong><em>τοῦ</em></strong></span> <span class='ocrx_word' id='word_1_119' title='bbox 2162 1670 2454 1751; x_wconf 89' lang='grc' dir='ltr'><strong><em>σωτῆρος</em></strong></span> <span class='ocrx_word' id='word_1_120' title='bbox 2536 1650 2540 1653; x_wconf 46' lang='grc'><strong>’</strong></span> 
     </span>
     <span class='ocr_line' id='line_1_14' title="bbox 199 1767 2507 1856; baseline 0 -22"><span class='ocrx_word' id='word_1_121' title='bbox 199 1769 556 1854; x_wconf 83' lang='grc' dir='ltr'><strong><em>γεννήσεως.</em></strong></span> <span class='ocrx_word' id='word_1_122' title='bbox 649 1769 853 1855; x_wconf 77' lang='grc' dir='ltr'><strong><em>ἐκείνη</em></strong></span> <span class='ocrx_word' id='word_1_123' title='bbox 904 1769 975 1835; x_wconf 84' lang='grc' dir='ltr'><strong><em>δὲ</em></strong></span> <span class='ocrx_word' id='word_1_124' title='bbox 1020 1768 1136 1835; x_wconf 87' lang='grc' dir='ltr'><strong><em>σὺν</em></strong></span> <span class='ocrx_word' id='word_1_125' title='bbox 1180 1777 1275 1855; x_wconf 78' lang='grc' dir='ltr'><strong><em>τῷ</em></strong></span> <span class='ocrx_word' id='word_1_126' title='bbox 1319 1771 1445 1855; x_wconf 75' lang='grc' dir='ltr'><strong><em>υἱῷ</em></strong></span> <span class='ocrx_word' id='word_1_127' title='bbox 1488 1768 1891 1855; x_wconf 78' lang='grc' dir='ltr'><strong><em>προελήλυθε</em></strong></span> <span class='ocrx_word' id='word_1_128' title='bbox 1928 1767 2086 1855; x_wconf 74' lang='grc' dir='ltr'><strong><em>μετὰ</em></strong></span> <span class='ocrx_word' id='word_1_129' title='bbox 2117 1775 2228 1856; x_wconf 88' lang='grc' dir='ltr'><strong><em>τῆς</em></strong></span> <span class='ocrx_word' id='word_1_130' title='bbox 2258 1770 2450 1856; x_wconf 85' lang='grc' dir='ltr'><strong><em>συνή-</em></strong></span> <span class='ocrx_word' id='word_1_131' title='bbox 2469 1781 2507 1840; x_wconf 74' lang='lat'><strong>5</strong></span> 
     </span>
     <span class='ocr_line' id='line_1_15' title="bbox 198 1873 2451 1962; baseline -0.001 -23"><span class='ocrx_word' id='word_1_132' title='bbox 198 1874 354 1946; x_wconf 75' lang='grc' dir='ltr'><strong><em>θους</em></strong></span> <span class='ocrx_word' id='word_1_133' title='bbox 414 1878 545 1945; x_wconf 84' lang='grc' dir='ltr'><strong><em>τοῖς</em></strong></span> <span class='ocrx_word' id='word_1_134' title='bbox 606 1873 924 1959; x_wconf 85' lang='grc' dir='ltr'><strong><em>βασιλεῦσι</em></strong></span> <span class='ocrx_word' id='word_1_135' title='bbox 983 1873 1382 1962; x_wconf 84' lang='grc' dir='ltr'><strong><em>δορυφορίας</em></strong></span> <span class='ocrx_word' id='word_1_136' title='bbox 1437 1874 1548 1940; x_wconf 78' lang='grc' dir='ltr'><strong><em>καὶ</em></strong></span> <span class='ocrx_word' id='word_1_137' title='bbox 1601 1874 1670 1939; x_wconf 76' lang='grc' dir='ltr'><strong><em>ἐν</em></strong></span> <span class='ocrx_word' id='word_1_138' title='bbox 1722 1879 1798 1960; x_wconf 84' lang='grc' dir='ltr'><strong><em>τῇ</em></strong></span> <span class='ocrx_word' id='word_1_139' title='bbox 1851 1873 2094 1960; x_wconf 84' lang='grc' dir='ltr'><strong><em>μεγάλῃ</em></strong></span> <span class='ocrx_word' id='word_1_140' title='bbox 2151 1873 2451 1960; x_wconf 76' lang='grc' dir='ltr'><strong><em>ἐκκλησίᾳ</em></strong></span> 
     </span>
    </p>

    <p class='ocr_par' dir='ltr' id='par_1_6' title="bbox 131 1975 2822 2491">
     <span class='ocr_line' id='line_1_16' title="bbox 131 1975 2451 2065; baseline 0 -21"><span class='ocrx_word' id='word_1_141' title='bbox 131 1999 183 2056; x_wconf 75' lang='lat'><strong><em>15</em></strong></span> <span class='ocrx_word' id='word_1_142' title='bbox 199 1978 493 2063; x_wconf 85' lang='grc' dir='ltr'><strong><em>γενομένη</em></strong></span> <span class='ocrx_word' id='word_1_143' title='bbox 540 1975 613 2042; x_wconf 87' lang='grc' dir='ltr'><strong><em>τὸ</em></strong></span> <span class='ocrx_word' id='word_1_144' title='bbox 659 1977 926 2065; x_wconf 81' lang='grc' dir='ltr'><strong><em>στέμμα,</em></strong></span> <span class='ocrx_word' id='word_1_145' title='bbox 975 1980 1014 2044; x_wconf 86' lang='grc' dir='ltr'><strong>ὃ</strong></span> <span class='ocrx_word' id='word_1_146' title='bbox 1059 1979 1305 2045; x_wconf 75' lang='grc' dir='ltr'><strong><em>ἐκεῖθεν</em></strong></span> <span class='ocrx_word' id='word_1_147' title='bbox 1350 1978 1638 2064; x_wconf 76' lang='grc' dir='ltr'><strong><em>ἀφείλετο</em></strong></span> <span class='ocrx_word' id='word_1_148' title='bbox 1669 1977 1707 2042; x_wconf 84' lang='grc' dir='ltr'><strong><em>ὖ</em></strong></span> <span class='ocrx_word' id='word_1_149' title='bbox 1740 1977 1903 2065; x_wconf 80' lang='grc' dir='ltr'><strong><em>ἀνὴρ</em></strong></span> <span class='ocrx_word' id='word_1_150' title='bbox 1944 1980 2158 2065; x_wconf 82' lang='grc' dir='ltr'><strong><em>αὐτῆς,</em></strong></span> <span class='ocrx_word' id='word_1_151' title='bbox 2204 1979 2451 2065; x_wconf 85' lang='grc' dir='ltr'><strong><em>προσή-</em></strong></span> 
     </span>
     <span class='ocr_line' id='line_1_17' title="bbox 198 2081 2822 2170; baseline 0.002 -24"><span class='ocrx_word' id='word_1_152' title='bbox 198 2105 388 2167; x_wconf 91' lang='grc' dir='ltr'><strong><em>νεγκε,</em></strong></span> <span class='ocrx_word' id='word_1_153' title='bbox 436 2082 670 2169; x_wconf 85' lang='grc' dir='ltr'><strong><em>κόσμῳ</em></strong></span> <span class='ocrx_word' id='word_1_154' title='bbox 714 2081 948 2149; x_wconf 88' lang='grc' dir='ltr'><strong><em>πλείονι</em></strong></span> <span class='ocrx_word' id='word_1_155' title='bbox 982 2088 1169 2150; x_wconf 86' lang='grc' dir='ltr'><strong><em>τοῦτο</em></strong></span> <span class='ocrx_word' id='word_1_156' title='bbox 1202 2084 1702 2170; x_wconf 78' lang='grc' dir='ltr'><strong><em>ἐπικοσμήσασα.</em></strong></span> <span class='ocrx_word' id='word_1_157' title='bbox 1794 2082 2017 2149; x_wconf 79' lang='grc' dir='ltr'><strong><em>ἔστειλε</em></strong></span> <span class='ocrx_word' id='word_1_158' title='bbox 2050 2083 2120 2149; x_wconf 81' lang='grc' dir='ltr'><strong><em>δὲ</em></strong></span> <span class='ocrx_word' id='word_1_159' title='bbox 2149 2082 2258 2150; x_wconf 75' lang='grc' dir='ltr'><strong><em>καὶ</em></strong></span> <span class='ocrx_word' id='word_1_160' title='bbox 2287 2083 2450 2152; x_wconf 80' lang='grc' dir='ltr'><strong><em>κατὰ</em></strong></span> <span class='ocrx_word' id='word_1_161' title='bbox 2468 2101 2507 2160; x_wconf 79' lang='grc'><strong>6</strong></span> <span class='ocrx_word' id='word_1_162' title='bbox 2543 2100 2822 2163; x_wconf 72' lang='grc' dir='ltr'><strong><em>Ρῐῐιιω</em></strong></span> 
     </span>
     <span class='ocr_line' id='line_1_18' title="bbox 197 2186 2450 2277; baseline 0.001 -23"><span class='ocrx_word' id='word_1_163' title='bbox 197 2191 319 2254; x_wconf 85' lang='grc' dir='ltr'><strong><em>τῶν</em></strong></span> <span class='ocrx_word' id='word_1_164' title='bbox 345 2186 644 2274; x_wconf 76' lang='grc' dir='ltr'><strong><em>Ἀράβων</em></strong></span> <span class='ocrx_word' id='word_1_165' title='bbox 674 2187 1048 2277; x_wconf 81' lang='grc' dir='ltr'><strong><em>στράτευμα,</em></strong></span> <span class='ocrx_word' id='word_1_166' title='bbox 1093 2190 1193 2255; x_wconf 71' lang='grc' dir='ltr'><strong><em>ἵνα</em></strong></span> <span class='ocrx_word' id='word_1_167' title='bbox 1241 2187 1570 2277; x_wconf 82' lang='grc' dir='ltr'><strong><em>ἀνακόπτῃ</em></strong></span> <span class='ocrx_word' id='word_1_168' title='bbox 1616 2187 1730 2262; x_wconf 82' lang='grc' dir='ltr'><strong><em>τὰς</em></strong></span> <span class='ocrx_word' id='word_1_169' title='bbox 1774 2188 2037 2255; x_wconf 79' lang='grc' dir='ltr'><strong><em>ἐκείνων</em></strong></span> <span class='ocrx_word' id='word_1_170' title='bbox 2083 2188 2450 2275; x_wconf 78' lang='grc' dir='ltr'><strong><em>ἐπιδρομάς.</em></strong></span> 
     </span>
     <span class='ocr_line' id='line_1_19' title="bbox 198 2285 2507 2384; baseline 0.001 -25"><span class='ocrx_word' id='word_1_171' title='bbox 198 2291 548 2369; x_wconf 68' lang='grc' dir='ltr'><strong><em>ἐξελθόντες</em></strong></span> <span class='ocrx_word' id='word_1_172' title='bbox 593 2289 711 2361; x_wconf 81' lang='grc' dir='ltr'><strong><em>οὖν</em></strong></span> <span class='ocrx_word' id='word_1_173' title='bbox 757 2293 858 2361; x_wconf 73' lang='grc' dir='ltr'><strong><em>ἐπὶ</em></strong></span> <span class='ocrx_word' id='word_1_174' title='bbox 902 2292 1235 2383; x_wconf 88' lang='grc' dir='ltr'><strong><em>λεηλασίαν</em></strong></span> <span class='ocrx_word' id='word_1_175' title='bbox 1265 2291 1605 2384; x_wconf 79' lang='grc' dir='ltr'><strong><em>Ἂγαρηνοὶ</em></strong></span> <span class='ocrx_word' id='word_1_176' title='bbox 1650 2298 2075 2362; x_wconf 84' lang='grc' dir='ltr'><strong><em>συναντῶνται</em></strong></span> <span class='ocrx_word' id='word_1_177' title='bbox 2118 2285 2295 2380; x_wconf 76' lang='grc' dir='ltr'><strong><em>παρὰ</em></strong></span> <span class='ocrx_word' id='word_1_178' title='bbox 2341 2299 2452 2383; x_wconf 83' lang='grc' dir='ltr'><strong><em>τῆς</em></strong></span> <span class='ocrx_word' id='word_1_179' title='bbox 2471 2310 2507 2374; x_wconf 74' lang='grc'><strong>7</strong></span> 
     </span>
     <span class='ocr_line' id='line_1_20' title="bbox 197 2396 2451 2491; baseline 0.002 -27"><span class='ocrx_word' id='word_1_180' title='bbox 197 2397 506 2488; x_wconf 88' lang='grc' dir='ltr'><strong><em>σταλείσης</em></strong></span> <span class='ocrx_word' id='word_1_181' title='bbox 552 2397 917 2491; x_wconf 83' lang='grc' dir='ltr'><strong><em>Ῥωμαϊκῆς</em></strong></span> <span class='ocrx_word' id='word_1_182' title='bbox 970 2405 1259 2489; x_wconf 81' lang='grc' dir='ltr'><strong><em>στρατιᾶς</em></strong></span> <span class='ocrx_word' id='word_1_183' title='bbox 1312 2397 1421 2468; x_wconf 73' lang='grc' dir='ltr'><strong><em>καὶ</em></strong></span> <span class='ocrx_word' id='word_1_184' title='bbox 1485 2399 1815 2489; x_wconf 80' lang='grc' dir='ltr'><strong><em>τρέπονται</em></strong></span> <span class='ocrx_word' id='word_1_185' title='bbox 1877 2396 1987 2469; x_wconf 76' lang='grc' dir='ltr'><strong><em>καὶ</em></strong></span> <span class='ocrx_word' id='word_1_186' title='bbox 2049 2397 2451 2489; x_wconf 78' lang='grc' dir='ltr'><strong><em>ἀναιροῦνται</em></strong></span> 
     </span>
    </p>
   </div>
   <div class='ocr_carea' id='block_1_3' title="bbox 194 2597 2451 2972">
    <p class='ocr_par' dir='ltr' id='par_1_7' title="bbox 194 2597 2451 2972">
     <span class='ocr_line' id='line_1_21' title="bbox 200 2597 2448 2678; baseline 0 -21"><span class='ocrx_word' id='word_1_187' title='bbox 200 2602 225 2657; x_wconf 88' lang='lat'>1</span> <span class='ocrx_word' id='word_1_188' title='bbox 269 2603 505 2676; x_wconf 80' lang='grc' dir='ltr'><strong><em>βασιλεία</em></strong></span> <span class='ocrx_word' id='word_1_189' title='bbox 551 2604 957 2661; x_wconf 85' lang='grc' dir='ltr'><strong><em>Κωνσταντίνου</em></strong></span> <span class='ocrx_word' id='word_1_190' title='bbox 1001 2603 1093 2661; x_wconf 75' lang='grc' dir='ltr'><strong><em>καί</em></strong></span> <span class='ocrx_word' id='word_1_191' title='bbox 1136 2603 1375 2678; x_wconf 81' lang='grc' dir='ltr'><strong><em>Εἰρήνης</em></strong></span> <span class='ocrx_word' id='word_1_192' title='bbox 1424 2611 1517 2678; x_wconf 84' lang='grc' dir='ltr'><strong><em>τῆς</em></strong></span> <span class='ocrx_word' id='word_1_193' title='bbox 1559 2605 1763 2678; x_wconf 86' lang='grc' dir='ltr'><strong><em>μητρός</em></strong></span> <span class='ocrx_word' id='word_1_194' title='bbox 1818 2606 1882 2671; x_wconf 92' lang='grc' dir='ltr'><strong><em>(τ.</em></strong></span> <span class='ocrx_word' id='word_1_195' title='bbox 1928 2623 1988 2676; x_wconf 86' lang='grc' dir='ltr'><strong><em>μ.</em></strong></span> <span class='ocrx_word' id='word_1_196' title='bbox 2037 2617 2152 2659; x_wconf 86' lang='lat' dir='ltr'><strong><em>om.</em></strong></span> <span class='ocrx_word' id='word_1_197' title='bbox 2190 2598 2269 2675; x_wconf 83' lang='grc' dir='ltr'><strong><em>Α)</em></strong></span> <span class='ocrx_word' id='word_1_198' title='bbox 2325 2597 2448 2673; x_wconf 80' lang='grc' dir='ltr'><strong><em>ΑΕ,</em></strong></span> 
     </span>
     <span class='ocr_line' id='line_1_22' title="bbox 194 2674 2450 2751; baseline 0.001 -20"><span class='ocrx_word' id='word_1_199' title='bbox 194 2676 425 2747; x_wconf 87' lang='grc' dir='ltr'><strong><em>βασιλεία</em></strong></span> <span class='ocrx_word' id='word_1_200' title='bbox 460 2676 700 2751; x_wconf 81' lang='grc' dir='ltr'><strong><em>Εἰρήνης</em></strong></span> <span class='ocrx_word' id='word_1_201' title='bbox 737 2676 802 2749; x_wconf 89' lang='grc' dir='ltr'><strong><em>Β,</em></strong></span> <span class='ocrx_word' id='word_1_202' title='bbox 837 2678 1078 2751; x_wconf 88' lang='grc' dir='ltr'><strong><em>βασιλεία</em></strong></span> <span class='ocrx_word' id='word_1_203' title='bbox 1102 2679 1344 2751; x_wconf 82' lang='grc' dir='ltr'><strong><em>Εἰρήνης</em></strong></span> <span class='ocrx_word' id='word_1_204' title='bbox 1368 2678 1462 2735; x_wconf 75' lang='grc' dir='ltr'><strong><em>καὶ</em></strong></span> <span class='ocrx_word' id='word_1_205' title='bbox 1487 2678 1890 2735; x_wconf 84' lang='grc' dir='ltr'><strong><em>Κωνσταντίνου</em></strong></span> <span class='ocrx_word' id='word_1_206' title='bbox 1914 2683 2006 2734; x_wconf 78' lang='grc' dir='ltr'><strong><em>τοῦ</em></strong></span> <span class='ocrx_word' id='word_1_207' title='bbox 2041 2676 2163 2733; x_wconf 83' lang='grc' dir='ltr'><strong><em>υίοῢ</em></strong></span> <span class='ocrx_word' id='word_1_208' title='bbox 2199 2677 2362 2748; x_wconf 82' lang='grc' dir='ltr'><strong><em>αὐτῆς</em></strong></span> <span class='ocrx_word' id='word_1_209' title='bbox 2396 2674 2450 2733; x_wconf 84' lang='lat' dir='ltr'>R</span> 
     </span>
     <span class='ocr_line' id='line_1_23' title="bbox 195 2748 2449 2826; baseline 0 -22"><span class='ocrx_word' id='word_1_210' title='bbox 195 2749 229 2804; x_wconf 78' lang='lat'>3</span> <span class='ocrx_word' id='word_1_211' title='bbox 261 2750 335 2805; x_wconf 79' lang='grc' dir='ltr'><strong><em>ὅτι</em></strong></span> <span class='ocrx_word' id='word_1_212' title='bbox 377 2750 658 2824; x_wconf 75' lang='grc' dir='ltr'><strong><em>ἐπιβουλῆς</em></strong></span> <span class='ocrx_word' id='word_1_213' title='bbox 701 2752 986 2824; x_wconf 74' lang='grc' dir='ltr'><strong><em>γενομένης</em></strong></span> <span class='ocrx_word' id='word_1_214' title='bbox 1030 2752 1065 2825; x_wconf 82' lang='grc' dir='ltr'><em>ἦ</em></span> <span class='ocrx_word' id='word_1_215' title='bbox 1108 2753 1319 2826; x_wconf 80' lang='grc' dir='ltr'><strong><em>Εἰρήνη</em></strong></span> <span class='ocrx_word' id='word_1_216' title='bbox 1359 2751 1633 2823; x_wconf 69' lang='grc' dir='ltr'><strong><em>(θεοδώρα</em></strong></span> <span class='ocrx_word' id='word_1_217' title='bbox 1674 2751 1742 2823; x_wconf 88' lang='lat' dir='ltr'><strong><em>C)</em></strong></span> <span class='ocrx_word' id='word_1_218' title='bbox 1781 2750 1904 2814; x_wconf 77' lang='grc' dir='ltr'><strong><em>τοὺς</em></strong></span> <span class='ocrx_word' id='word_1_219' title='bbox 1937 2748 2037 2822; x_wconf 76' lang='grc' dir='ltr'><strong><em>μὲν</em></strong></span> <span class='ocrx_word' id='word_1_220' title='bbox 2075 2752 2214 2816; x_wconf 84' lang='lat' dir='ltr'><strong>(om.</strong></span> <span class='ocrx_word' id='word_1_221' title='bbox 2253 2749 2322 2816; x_wconf 79' lang='lat' dir='ltr'><strong><em>E)</em></strong></span> <span class='ocrx_word' id='word_1_222' title='bbox 2359 2748 2449 2805; x_wconf 75' lang='grc' dir='ltr'><strong><em>ἄλ·</em></strong></span> 
     </span>
     <span class='ocr_line' id='line_1_24' title="bbox 196 2821 2451 2898; baseline 0 -21"><span class='ocrx_word' id='word_1_223' title='bbox 196 2821 314 2884; x_wconf 87' lang='grc' dir='ltr'><strong><em>λους</em></strong></span> <span class='ocrx_word' id='word_1_224' title='bbox 366 2824 603 2893; x_wconf 79' lang='grc' dir='ltr'><strong><em>ἐκόλασε,</em></strong></span> <span class='ocrx_word' id='word_1_225' title='bbox 660 2825 781 2887; x_wconf 79' lang='grc' dir='ltr'><strong><em>τοὺς</em></strong></span> <span class='ocrx_word' id='word_1_226' title='bbox 836 2824 895 2882; x_wconf 78' lang='grc' dir='ltr'><strong><em>δὲ</em></strong></span> <span class='ocrx_word' id='word_1_227' title='bbox 948 2826 1352 2898; x_wconf 82' lang='grc' dir='ltr'><strong><em>ἀνδραδέλφους</em></strong></span> <span class='ocrx_word' id='word_1_228' title='bbox 1403 2826 1568 2898; x_wconf 84' lang='grc' dir='ltr'><strong><em>αὐτῆς</em></strong></span> <span class='ocrx_word' id='word_1_229' title='bbox 1621 2826 1854 2887; x_wconf 77' lang='grc' dir='ltr'><strong><em>ἅπαντας</em></strong></span> <span class='ocrx_word' id='word_1_230' title='bbox 1900 2824 2040 2896; x_wconf 85' lang='lat' dir='ltr'><strong>(om.</strong></span> <span class='ocrx_word' id='word_1_231' title='bbox 2080 2822 2146 2889; x_wconf 88' lang='lat' dir='ltr'><strong><em>C)</em></strong></span> <span class='ocrx_word' id='word_1_232' title='bbox 2199 2822 2451 2894; x_wconf 76' lang='grc' dir='ltr'><strong><em>ἀπέκειρε</em></strong></span> 
     </span>
     <span class='ocr_line' id='line_1_25' title="bbox 197 2896 2450 2972; baseline 0.001 -22"><span class='ocrx_word' id='word_1_233' title='bbox 197 2897 395 2967; x_wconf 82' lang='grc' dir='ltr'><strong><em>(κεῖρας</em></strong></span> <span class='ocrx_word' id='word_1_234' title='bbox 432 2898 521 2954; x_wconf 71' lang='lat' dir='ltr'><strong>sic.</strong></span> <span class='ocrx_word' id='word_1_235' title='bbox 558 2898 629 2967; x_wconf 85' lang='grc' dir='ltr'><strong><em>Ε)</em></strong></span> <span class='ocrx_word' id='word_1_236' title='bbox 676 2898 770 2955; x_wconf 76' lang='grc' dir='ltr'><strong><em>καὶ</em></strong></span> <span class='ocrx_word' id='word_1_237' title='bbox 815 2898 983 2971; x_wconf 77' lang='grc' dir='ltr'><strong><em>ἱερέας</em></strong></span> <span class='ocrx_word' id='word_1_238' title='bbox 1027 2900 1275 2972; x_wconf 75' lang='grc' dir='ltr'><strong><em>γενέσθαι</em></strong></span> <span class='ocrx_word' id='word_1_239' title='bbox 1313 2904 1456 2968; x_wconf 83' lang='lat' dir='ltr'><strong>(om.</strong></span> <span class='ocrx_word' id='word_1_240' title='bbox 1494 2899 1563 2972; x_wconf 84' lang='lat' dir='ltr'><strong><em>C)</em></strong></span> <span class='ocrx_word' id='word_1_241' title='bbox 1607 2899 1998 2956; x_wconf 82' lang='grc' dir='ltr'><strong><em>κατεσκεύασεν</em></strong></span> <span class='ocrx_word' id='word_1_242' title='bbox 2035 2896 2450 2968; x_wconf 79' lang='grc' dir='ltr'><strong><em>(παρεσκεύασεν</em></strong></span> 
     </span>
    </p>
   </div>
   <div class='ocr_carea' id='block_1_4' title="bbox 198 2966 393 3038">
    <p class='ocr_par' dir='ltr' id='par_1_8' title="bbox 198 2966 393 3038">
     <span class='ocr_line' id='line_1_26' title="bbox 198 2966 393 3038; baseline 0.005 -12"><span class='ocrx_word' id='word_1_243' title='bbox 198 2966 261 3038; x_wconf 84' lang='lat' dir='ltr'><strong><em>C)</em></strong></span> <span class='ocrx_word' id='word_1_244' title='bbox 298 2970 393 3027; x_wconf 72' lang='lat' dir='ltr'><strong><em>Ch}</em></strong></span> 
     </span>
    </p>
   </div>
   <div class='ocr_carea' id='block_1_5' title="bbox 292 3143 2448 3428">
    <p class='ocr_par' dir='ltr' id='par_1_9' title="bbox 292 3143 2448 3428">
     <span class='ocr_line' id='line_1_27' title="bbox 295 3143 2448 3221; baseline 0.001 -21"><span class='ocrx_word' id='word_1_245' title='bbox 295 3143 330 3200; x_wconf 83' lang='lat'><strong>3</strong></span> <span class='ocrx_word' id='word_1_246' title='bbox 365 3144 635 3211; x_wconf 79' lang='grc' dir='ltr'><strong><em>διεδέξατο</em></strong></span> <span class='ocrx_word' id='word_1_247' title='bbox 673 3145 751 3202; x_wconf 86' lang='grc' dir='ltr'><strong><em>Ε.</em></strong></span> <span class='ocrx_word' id='word_1_248' title='bbox 869 3151 1006 3220; x_wconf 78' lang='lat' dir='ltr'><strong>post</strong></span> <span class='ocrx_word' id='word_1_249' title='bbox 1043 3145 1103 3221; x_wconf 63' lang='grc' dir='ltr'><strong><em>δὲ</em></strong></span> <span class='ocrx_word' id='word_1_250' title='bbox 1141 3146 1283 3204; x_wconf 74' lang='lat' dir='ltr'><strong>add.</strong></span> <span class='ocrx_word' id='word_1_251' title='bbox 1320 3145 1414 3204; x_wconf 76' lang='grc' dir='ltr'><strong><em>καὶ</em></strong></span> <span class='ocrx_word' id='word_1_252' title='bbox 1452 3145 1502 3205; x_wconf 91' lang='lat' dir='ltr'>O</span> <span class='ocrx_word' id='word_1_253' title='bbox 1655 3144 1824 3218; x_wconf 77' lang='grc' dir='ltr'><strong><em>ἁγίων</em></strong></span> <span class='ocrx_word' id='word_1_254' title='bbox 1860 3143 1908 3203; x_wconf 84' lang='lat' dir='ltr'>C</span> <span class='ocrx_word' id='word_1_255' title='bbox 2071 3144 2141 3201; x_wconf 90' lang='grc'><strong><em>10</em></strong></span> <span class='ocrx_word' id='word_1_256' title='bbox 2174 3143 2448 3218; x_wconf 84' lang='grc' dir='ltr'><strong><em>νωβελισί·</em></strong></span> 
     </span>
     <span class='ocr_line' id='line_1_28' title="bbox 292 3216 2315 3293; baseline 0.001 -21"><span class='ocrx_word' id='word_1_257' title='bbox 292 3237 427 3288; x_wconf 86' lang='grc' dir='ltr'><strong><em>μους</em></strong></span> <span class='ocrx_word' id='word_1_258' title='bbox 463 3217 534 3289; x_wconf 91' lang='grc' dir='ltr'><strong><em>Α,</em></strong></span> <span class='ocrx_word' id='word_1_259' title='bbox 572 3220 985 3292; x_wconf 87' lang='grc' dir='ltr'><strong><em>νωβελλισίμους</em></strong></span> <span class='ocrx_word' id='word_1_260' title='bbox 1022 3220 1191 3293; x_wconf 86' lang='lat' dir='ltr'><strong><em>pr‚</em></strong></span> <span class='ocrx_word' id='word_1_261' title='bbox 1229 3220 1648 3293; x_wconf 88' lang='grc' dir='ltr'><strong><em>νωβελισσίμους</em></strong></span> <span class='ocrx_word' id='word_1_262' title='bbox 1683 3216 1787 3290; x_wconf 84' lang='lat' dir='ltr'><strong><em>Di,</em></strong></span> <span class='ocrx_word' id='word_1_263' title='bbox 1825 3234 1883 3275; x_wconf 76' lang='lat' dir='ltr'><strong><em>V.</em></strong></span> <span class='ocrx_word' id='word_1_264' title='bbox 1924 3216 2006 3274; x_wconf 74' lang='lat' dir='ltr'><strong><em>ad</em></strong></span> <span class='ocrx_word' id='word_1_265' title='bbox 2042 3216 2153 3274; x_wconf 89' lang='lat' dir='ltr'><strong><em>XV</em></strong></span> <span class='ocrx_word' id='word_1_266' title='bbox 2187 3218 2241 3289; x_wconf 86' lang='lat'><strong><em>8,</em></strong></span> <span class='ocrx_word' id='word_1_267' title='bbox 2278 3218 2315 3274; x_wconf 81' lang='grc'><strong>2</strong></span> 
     </span>
     <span class='ocr_line' id='line_1_29' title="bbox 295 3288 2447 3428; baseline -0.001 -77"><span class='ocrx_word' id='word_1_268' title='bbox 295 3289 650 3428; x_wconf 54' lang='grc' dir='ltr'><strong><em>ἑὲνζῗζςῙέῆς</em></strong></span> <span class='ocrx_word' id='word_1_269' title='bbox 677 3292 724 3352; x_wconf 84' lang='lat' dir='ltr'>C</span> <span class='ocrx_word' id='word_1_270' title='bbox 833 3293 904 3350; x_wconf 84' lang='lat'><strong><em>16</em></strong></span> <span class='ocrx_word' id='word_1_271' title='bbox 940 3293 1110 3350; x_wconf 89' lang='grc' dir='ltr'><strong><em>τούτω</em></strong></span> <span class='ocrx_word' id='word_1_272' title='bbox 1139 3293 1188 3349; x_wconf 87' lang='grc' dir='ltr'><strong>Β</strong></span> <span class='ocrx_word' id='word_1_273' title='bbox 1301 3294 1367 3353; x_wconf 85' lang='grc'><strong><em>17</em></strong></span> <span class='ocrx_word' id='word_1_274' title='bbox 1405 3300 1515 3349; x_wconf 88' lang='grc' dir='ltr'><strong><em>τῶν</em></strong></span> <span class='ocrx_word' id='word_1_275' title='bbox 1542 3308 1658 3364; x_wconf 81' lang='lat' dir='ltr'><strong><em>om.</em></strong></span> <span class='ocrx_word' id='word_1_276' title='bbox 1684 3290 1741 3347; x_wconf 93' lang='lat' dir='ltr'>D</span> <span class='ocrx_word' id='word_1_277' title='bbox 1850 3290 1919 3348; x_wconf 67' lang='grc' dir='ltr'><strong><em>ἶν’</em></strong></span> <span class='ocrx_word' id='word_1_278' title='bbox 1945 3288 2045 3348; x_wconf 85' lang='lat' dir='ltr'><strong><em>Bc</em></strong></span> <span class='ocrx_word' id='word_1_279' title='bbox 2156 3290 2226 3347; x_wconf 88' lang='lat'><strong><em>18</em></strong></span> <span class='ocrx_word' id='word_1_280' title='bbox 2259 3309 2447 3348; x_wconf 81' lang='grc' dir='ltr'><strong><em>συναν-</em></strong></span> 
     </span>
    </p>
   </div>
   <div class='ocr_carea' id='block_1_6' title="bbox 179 3542 2507 4421">
    <p class='ocr_par' dir='ltr' id='par_1_10' title="bbox 179 3542 2507 4421">
     <span class='ocr_line' id='line_1_30' title="bbox 367 3542 2448 3623; baseline 0 -19"><span class='ocrx_word' id='word_1_281' title='bbox 367 3547 452 3606; x_wconf 88' lang='grc'><strong><em>10.</em></strong></span> <span class='ocrx_word' id='word_1_282' title='bbox 491 3547 579 3608; x_wconf 87' lang='grc' dir='ltr'><strong><em>Εο</em></strong></span> <span class='ocrx_word' id='word_1_283' title='bbox 617 3552 859 3607; x_wconf 85' lang='lat' dir='ltr'><strong>mortuo</strong></span> <span class='ocrx_word' id='word_1_284' title='bbox 897 3547 1186 3623; x_wconf 78' lang='lat' dir='ltr'><strong>Augusta</strong></span> <span class='ocrx_word' id='word_1_285' title='bbox 1224 3546 1429 3608; x_wconf 71' lang='lat' dir='ltr'><strong>Ianum</strong></span> <span class='ocrx_word' id='word_1_286' title='bbox 1481 3552 1543 3607; x_wconf 84' lang='lat' dir='ltr'><strong>et</strong></span> <span class='ocrx_word' id='word_1_287' title='bbox 1579 3548 1739 3606; x_wconf 81' lang='lat' dir='ltr'><strong>filius</strong></span> <span class='ocrx_word' id='word_1_288' title='bbox 1792 3546 1927 3605; x_wconf 85' lang='lat' dir='ltr'><strong>eius</strong></span> <span class='ocrx_word' id='word_1_289' title='bbox 1964 3542 2448 3606; x_wconf 57' lang='lat' dir='ltr'><strong>Consi-mmmm</strong></span> 
     </span>
     <span class='ocr_line' id='line_1_31' title="bbox 197 3614 2507 3696; baseline 0.001 -23"><span class='ocrx_word' id='word_1_290' title='bbox 197 3614 486 3678; x_wconf 83' lang='lat' dir='ltr'><strong>decimum</strong></span> <span class='ocrx_word' id='word_1_291' title='bbox 527 3623 746 3678; x_wconf 81' lang='lat' dir='ltr'><strong>aetatis</strong></span> <span class='ocrx_word' id='word_1_292' title='bbox 785 3637 1015 3680; x_wconf 81' lang='lat' dir='ltr'><strong>annum</strong></span> <span class='ocrx_word' id='word_1_293' title='bbox 1055 3639 1250 3696; x_wconf 71' lang='lat' dir='ltr'><strong>agens</strong></span> <span class='ocrx_word' id='word_1_294' title='bbox 1287 3638 1552 3696; x_wconf 84' lang='lat' dir='ltr'><strong>regnum</strong></span> <span class='ocrx_word' id='word_1_295' title='bbox 1579 3624 2008 3695; x_wconf 78' lang='lat' dir='ltr'><strong>susceperunt,</strong></span> <span class='ocrx_word' id='word_1_296' title='bbox 2045 3620 2226 3676; x_wconf 76' lang='lat' dir='ltr'><strong>ambo</strong></span> <span class='ocrx_word' id='word_1_297' title='bbox 2265 3626 2507 3689; x_wconf 72' lang='lat' dir='ltr'><strong>vene-2</strong></span> 
     </span>
     <span class='ocr_line' id='line_1_32' title="bbox 196 3692 2449 3767; baseline 0.001 -22"><span class='ocrx_word' id='word_1_298' title='bbox 196 3692 519 3751; x_wconf 79' lang='lat' dir='ltr'><strong>randarum</strong></span> <span class='ocrx_word' id='word_1_299' title='bbox 559 3695 897 3766; x_wconf 83' lang='lat' dir='ltr'><strong>imaginum</strong></span> <span class='ocrx_word' id='word_1_300' title='bbox 945 3696 1332 3767; x_wconf 52' lang='lat' dir='ltr'><strong>adoratorem</strong></span> <span class='ocrx_word' id='word_1_301' title='bbox 1388 3697 1497 3752; x_wconf 84' lang='lat' dir='ltr'><strong><em>sed</em></strong></span> <span class='ocrx_word' id='word_1_302' title='bbox 1526 3710 1732 3766; x_wconf 57' lang='lat' dir='ltr'><strong>‘regno</strong></span> <span class='ocrx_word' id='word_1_303' title='bbox 1772 3693 2045 3750; x_wconf 85' lang='lat' dir='ltr'><strong>nondum</strong></span> <span class='ocrx_word' id='word_1_304' title='bbox 2082 3692 2320 3748; x_wconf 81' lang='lat' dir='ltr'><strong>firmato</strong></span> <span class='ocrx_word' id='word_1_305' title='bbox 2361 3692 2449 3747; x_wconf 87' lang='lat' dir='ltr'><strong>in·</strong></span> 
     </span>
     <span class='ocr_line' id='line_1_33' title="bbox 179 3762 2450 3840; baseline 0 -22"><span class='ocrx_word' id='word_1_306' title='bbox 179 3763 355 3821; x_wconf 65' lang='lat' dir='ltr'><strong><em>⁴sidiis</em></strong></span> <span class='ocrx_word' id='word_1_307' title='bbox 394 3769 649 3839; x_wconf 86' lang='lat' dir='ltr'><strong>appetiti</strong></span> <span class='ocrx_word' id='word_1_308' title='bbox 687 3774 828 3824; x_wconf 88' lang='lat' dir='ltr'><strong>sunt</strong></span> <span class='ocrx_word' id='word_1_309' title='bbox 867 3783 905 3825; x_wconf 79' lang='lat' dir='ltr'>a</span> <span class='ocrx_word' id='word_1_310' title='bbox 944 3769 1313 3840; x_wconf 82' lang='lat' dir='ltr'><strong>quibusdam</strong></span> <span class='ocrx_word' id='word_1_311' title='bbox 1354 3766 1604 3826; x_wconf 76' lang='lat' dir='ltr'><strong>Caesari</strong></span> <span class='ocrx_word' id='word_1_312' title='bbox 1635 3766 1996 3839; x_wconf 81' lang='lat' dir='ltr'><strong>Nicephoro‚</strong></span> <span class='ocrx_word' id='word_1_313' title='bbox 2034 3764 2259 3821; x_wconf 85' lang='lat' dir='ltr'><strong>mortui</strong></span> <span class='ocrx_word' id='word_1_314' title='bbox 2296 3762 2450 3820; x_wconf 85' lang='lat' dir='ltr'><strong>Leo·</strong></span> 
     </span>
     <span class='ocr_line' id='line_1_34' title="bbox 196 3835 2504 3914; baseline 0.001 -24"><span class='ocrx_word' id='word_1_315' title='bbox 196 3837 283 3892; x_wconf 89' lang='lat' dir='ltr'><strong><em>nis</em></strong></span> <span class='ocrx_word' id='word_1_316' title='bbox 319 3842 520 3910; x_wconf 67' lang='lat' dir='ltr'><strong>fratri,</strong></span> <span class='ocrx_word' id='word_1_317' title='bbox 550 3855 847 3896; x_wconf 82' lang='lat' dir='ltr'><strong>summam</strong></span> <span class='ocrx_word' id='word_1_318' title='bbox 884 3856 1089 3896; x_wconf 88' lang='lat' dir='ltr'><strong>rerum</strong></span> <span class='ocrx_word' id='word_1_319' title='bbox 1130 3841 1373 3898; x_wconf 83' lang='lat' dir='ltr'><strong>deferre</strong></span> <span class='ocrx_word' id='word_1_320' title='bbox 1412 3841 1818 3914; x_wconf 80' lang='lat' dir='ltr'><strong>cupientibus.</strong></span> <span class='ocrx_word' id='word_1_321' title='bbox 1874 3837 2309 3895; x_wconf 80' lang='lat' dir='ltr'><strong>coniuratione</strong></span> <span class='ocrx_word' id='word_1_322' title='bbox 2347 3835 2504 3904; x_wconf 72' lang='lat' dir='ltr'><strong>‹ie-n</strong></span> 
     </span>
     <span class='ocr_line' id='line_1_35' title="bbox 197 3909 2447 3985; baseline -0 -21"><span class='ocrx_word' id='word_1_323' title='bbox 197 3913 349 3966; x_wconf 79' lang='lat' dir='ltr'><strong>tecta</strong></span> <span class='ocrx_word' id='word_1_324' title='bbox 387 3915 607 3984; x_wconf 84' lang='lat' dir='ltr'><strong>regina</strong></span> <span class='ocrx_word' id='word_1_325' title='bbox 645 3913 1032 3970; x_wconf 78' lang='lat' dir='ltr'><strong>insidiatores</strong></span> <span class='ocrx_word' id='word_1_326' title='bbox 1084 3915 1473 3970; x_wconf 79' lang='lat' dir='ltr'><strong>excruciatos</strong></span> <span class='ocrx_word' id='word_1_327' title='bbox 1527 3928 1602 3969; x_wconf 77' lang='lat' dir='ltr'><strong>ae</strong></span> <span class='ocrx_word' id='word_1_328' title='bbox 1650 3912 1787 3985; x_wconf 85' lang='lat' dir='ltr'><strong>pilis</strong></span> <span class='ocrx_word' id='word_1_329' title='bbox 1824 3911 2088 3967; x_wconf 78' lang='lat' dir='ltr'><strong>nudatos</strong></span> <span class='ocrx_word' id='word_1_330' title='bbox 2125 3909 2447 3980; x_wconf 79' lang='lat' dir='ltr'><strong>relegavit,</strong></span> 
     </span>
     <span class='ocr_line' id='line_1_36' title="bbox 195 3979 2504 4058; baseline -0 -20"><span class='ocrx_word' id='word_1_331' title='bbox 195 3986 387 4039; x_wconf 84' lang='lat' dir='ltr'><strong>mariti</strong></span> <span class='ocrx_word' id='word_1_332' title='bbox 425 4001 575 4041; x_wconf 86' lang='lat' dir='ltr'><strong>vero</strong></span> <span class='ocrx_word' id='word_1_333' title='bbox 615 3986 710 4041; x_wconf 85' lang='lat' dir='ltr'><strong><em>sui</em></strong></span> <span class='ocrx_word' id='word_1_334' title='bbox 748 3988 971 4042; x_wconf 83' lang='lat' dir='ltr'><strong>fratres</strong></span> <span class='ocrx_word' id='word_1_335' title='bbox 1010 3994 1133 4042; x_wconf 83' lang='lat' dir='ltr'><strong><em>tam</em></strong></span> <span class='ocrx_word' id='word_1_336' title='bbox 1156 3986 1452 4044; x_wconf 82' lang='lat' dir='ltr'><strong>Caesares</strong></span> <span class='ocrx_word' id='word_1_337' title='bbox 1491 4002 1673 4058; x_wconf 77' lang='lat' dir='ltr'><strong>quarn</strong></span> <span class='ocrx_word' id='word_1_338' title='bbox 1696 3984 2100 4041; x_wconf 86' lang='lat' dir='ltr'><strong>nobilissimos</strong></span> <span class='ocrx_word' id='word_1_339' title='bbox 2137 3979 2504 4049; x_wconf 76' lang='lat' dir='ltr'><strong>radendos4</strong></span> 
     </span>
     <span class='ocr_line' id='line_1_37' title="bbox 197 4056 2449 4131; baseline 0 -23"><span class='ocrx_word' id='word_1_340' title='bbox 197 4060 252 4109; x_wconf 87' lang='lat' dir='ltr'><strong>et-</strong></span> <span class='ocrx_word' id='word_1_341' title='bbox 287 4056 348 4110; x_wconf 89' lang='lat' dir='ltr'><strong><em>in</em></strong></span> <span class='ocrx_word' id='word_1_342' title='bbox 387 4057 775 4114; x_wconf 84' lang='lat' dir='ltr'><strong>sacerdotum</strong></span> <span class='ocrx_word' id='word_1_343' title='bbox 815 4059 1091 4115; x_wconf 83' lang='lat' dir='ltr'><strong>ordinem</strong></span> <span class='ocrx_word' id='word_1_344' title='bbox 1144 4059 1504 4131; x_wconf 84' lang='lat' dir='ltr'><strong>allegendos</strong></span> <span class='ocrx_word' id='word_1_345' title='bbox 1542 4057 1800 4126; x_wconf 80' lang='lat' dir='ltr'><strong>curavit,</strong></span> <span class='ocrx_word' id='word_1_346' title='bbox 1839 4062 1908 4112; x_wconf 86' lang='lat' dir='ltr'><strong><em>ut</em></strong></span> <span class='ocrx_word' id='word_1_347' title='bbox 1945 4070 2043 4111; x_wconf 83' lang='lat' dir='ltr'><strong><em>res</em></strong></span> <span class='ocrx_word' id='word_1_348' title='bbox 2079 4069 2288 4110; x_wconf 77' lang='lat' dir='ltr'><strong>sacras</strong></span> <span class='ocrx_word' id='word_1_349' title='bbox 2344 4068 2449 4126; x_wconf 89' lang='lat' dir='ltr'><strong><em>po·</em></strong></span> 
     </span>
     <span class='ocr_line' id='line_1_38' title="bbox 197 4127 2504 4203; baseline 0 -22"><span class='ocrx_word' id='word_1_350' title='bbox 197 4127 332 4195; x_wconf 90' lang='lat' dir='ltr'><strong>pulo</strong></span> <span class='ocrx_word' id='word_1_351' title='bbox 372 4131 829 4203; x_wconf 85' lang='lat' dir='ltr'><strong>impertirentur</strong></span> <span class='ocrx_word' id='word_1_352' title='bbox 884 4132 948 4186; x_wconf 89' lang='lat' dir='ltr'><strong>in</strong></span> <span class='ocrx_word' id='word_1_353' title='bbox 1010 4134 1168 4188; x_wconf 80' lang='lat' dir='ltr'><strong>festo</strong></span> <span class='ocrx_word' id='word_1_354' title='bbox 1207 4133 1548 4187; x_wconf 84' lang='lat' dir='ltr'><strong>nativitatis</strong></span> <span class='ocrx_word' id='word_1_355' title='bbox 1586 4129 1935 4199; x_wconf 84' lang='lat' dir='ltr'><strong>servatoris,</strong></span> <span class='ocrx_word' id='word_1_356' title='bbox 1992 4129 2249 4199; x_wconf 80' lang='lat' dir='ltr'><strong>ipsaque</strong></span> <span class='ocrx_word' id='word_1_357' title='bbox 2306 4135 2504 4194; x_wconf 74' lang='lat' dir='ltr'><strong>eum5</strong></span> 
     </span>
     <span class='ocr_line' id='line_1_39' title="bbox 197 4199 2448 4277; baseline 0.002 -27"><span class='ocrx_word' id='word_1_358' title='bbox 197 4199 310 4253; x_wconf 87' lang='lat' dir='ltr'><strong>filio</strong></span> <span class='ocrx_word' id='word_1_359' title='bbox 348 4203 535 4274; x_wconf 86' lang='lat' dir='ltr'><strong>regiis</strong></span> <span class='ocrx_word' id='word_1_360' title='bbox 574 4204 938 4260; x_wconf 85' lang='lat' dir='ltr'><strong>satellitibus</strong></span> <span class='ocrx_word' id='word_1_361' title='bbox 988 4205 1213 4276; x_wconf 83' lang='lat' dir='ltr'><strong>stipata</strong></span> <span class='ocrx_word' id='word_1_362' title='bbox 1251 4205 1548 4277; x_wconf 84' lang='lat' dir='ltr'><strong>processit</strong></span> <span class='ocrx_word' id='word_1_363' title='bbox 1604 4217 1866 4273; x_wconf 85' lang='lat' dir='ltr'><strong>eumque</strong></span> <span class='ocrx_word' id='word_1_364' title='bbox 1907 4203 1971 4256; x_wconf 90' lang='lat' dir='ltr'><strong>in</strong></span> <span class='ocrx_word' id='word_1_365' title='bbox 2008 4214 2295 4271; x_wconf 79' lang='lat' dir='ltr'><strong>magnam</strong></span> <span class='ocrx_word' id='word_1_366' title='bbox 2354 4214 2448 4255; x_wconf 82' lang='lat' dir='ltr'><strong><em>ee·</em></strong></span> 
     </span>
     <span class='ocr_line' id='line_1_40' title="bbox 198 4268 2447 4347; baseline 0.002 -26"><span class='ocrx_word' id='word_1_367' title='bbox 198 4268 434 4329; x_wconf 80' lang='lat' dir='ltr'><strong>elesiam</strong></span> <span class='ocrx_word' id='word_1_368' title='bbox 475 4279 873 4347; x_wconf 82' lang='lat' dir='ltr'><strong>pervenisset,</strong></span> <span class='ocrx_word' id='word_1_369' title='bbox 913 4292 1205 4333; x_wconf 80' lang='lat' dir='ltr'><strong>eoronam</strong></span> <span class='ocrx_word' id='word_1_370' title='bbox 1244 4294 1282 4332; x_wconf 80' lang='lat' dir='ltr'><strong>a</strong></span> <span class='ocrx_word' id='word_1_371' title='bbox 1320 4277 1540 4332; x_wconf 81' lang='lat' dir='ltr'><strong>marito</strong></span> <span class='ocrx_word' id='word_1_372' title='bbox 1579 4291 1691 4332; x_wconf 89' lang='lat' dir='ltr'><strong>suo</strong></span> <span class='ocrx_word' id='word_1_373' title='bbox 1731 4274 1998 4330; x_wconf 78' lang='lat' dir='ltr'><strong>ablatam</strong></span> <span class='ocrx_word' id='word_1_374' title='bbox 2037 4272 2317 4344; x_wconf 87' lang='lat' dir='ltr'><strong>pluribus</strong></span> <span class='ocrx_word' id='word_1_375' title='bbox 2356 4285 2447 4327; x_wconf 90' lang='lat' dir='ltr'><strong>or·</strong></span> 
     </span>
     <span class='ocr_line' id='line_1_41' title="bbox 196 4343 2502 4421; baseline 0.002 -27"><span class='ocrx_word' id='word_1_376' title='bbox 196 4349 487 4404; x_wconf 70' lang='lat' dir='ltr'><strong>nument-is</strong></span> <span class='ocrx_word' id='word_1_377' title='bbox 525 4349 748 4406; x_wconf 86' lang='lat' dir='ltr'><strong>additis</strong></span> <span class='ocrx_word' id='word_1_378' title='bbox 785 4351 1067 4406; x_wconf 79' lang='lat' dir='ltr'><strong>restituit.</strong></span> <span class='ocrx_word' id='word_1_379' title='bbox 1140 4351 1301 4406; x_wconf 88' lang='lat' dir='ltr'><strong>Misit</strong></span> <span class='ocrx_word' id='word_1_380' title='bbox 1347 4351 1531 4406; x_wconf 84' lang='lat' dir='ltr'><strong>etiam</strong></span> <span class='ocrx_word' id='word_1_381' title='bbox 1570 4349 1845 4421; x_wconf 80' lang='lat' dir='ltr'><strong>legiones</strong></span> <span class='ocrx_word' id='word_1_382' title='bbox 1901 4346 1981 4403; x_wconf 78' lang='lat' dir='ltr'><strong><em>ad</em></strong></span> <span class='ocrx_word' id='word_1_383' title='bbox 2026 4343 2502 4418; x_wconf 71' lang='lat' dir='ltr'><strong>reprimendasss</strong></span> 
     </span>
    </p>
   </div>
   <div class='ocr_carea' id='block_1_7' title="bbox 197 4414 2559 4504">
    <p class='ocr_par' dir='ltr' id='par_1_11' title="bbox 197 4414 2559 4504">
     <span class='ocr_line' id='line_1_42' title="bbox 197 4414 2559 4504; baseline 0.004 -36"><span class='ocrx_word' id='word_1_384' title='bbox 197 4414 458 4481; x_wconf 81' lang='lat' dir='ltr'><strong>Arabum</strong></span> <span class='ocrx_word' id='word_1_385' title='bbox 498 4430 896 4486; x_wconf 76' lang='lat' dir='ltr'><strong>incursiones,</strong></span> <span class='ocrx_word' id='word_1_386' title='bbox 973 4429 1246 4503; x_wconf 66' lang='lat' dir='ltr'><strong>Agar-eni</strong></span> <span class='ocrx_word' id='word_1_387' title='bbox 1285 4431 1476 4504; x_wconf 84' lang='lat' dir='ltr'><strong>igitur</strong></span> <span class='ocrx_word' id='word_1_388' title='bbox 1513 4430 1875 4503; x_wconf 79' lang='lat' dir='ltr'><strong>praedatum</strong></span> <span class='ocrx_word' id='word_1_389' title='bbox 1915 4425 2165 4499; x_wconf 83' lang='lat' dir='ltr'><strong>egressi,</strong></span> <span class='ocrx_word' id='word_1_390' title='bbox 2205 4439 2343 4480; x_wconf 86' lang='lat' dir='ltr'><strong>eum</strong></span> <span class='ocrx_word' id='word_1_391' title='bbox 2382 4422 2502 4495; x_wconf 63' lang='lat' dir='ltr'><strong>iu?</strong></span> <span class='ocrx_word' id='word_1_392' title='bbox 2549 4438 2559 4448; x_wconf 91' lang='lat'><strong>·</strong></span> 
     </span>
    </p>
   </div>
  </div>
 </body>
</html>
