2870 4966
429 315 540 384 τις.»
980 311 1259 381 zoam.
1298 311 1499 379 sm.
1537 262 1678 380 inv
1715 311 1803 393 εὖ,
1841 310 2075 394 22-26,
2112 311 2164 380 t.
2235 275 2239 279 ’

386 539 388 542 ⁴
426 510 694 600 μήνυτο,
757 508 796 576 ό
847 505 1142 596 βασιλεὺς
1194 507 1608 599 ὑποτοπήσας
1665 507 1991 595 συμβῆναί
2040 532 2094 574 τι
2150 505 2513 596 φερόμενον
2563 509 2694 580 κατ’

429 615 649 693 αὐτοῦ,
696 614 1034 701 ἐξώρμησε
1071 618 1184 700 τῆς
1219 611 1610 689 Βυζαντίόος
1654 611 1763 680 καὶ
1808 613 1937 686 ἕως
1966 612 2276 700 Σινώπης
2319 612 2536 681 ἐλθὼν
2579 616 2697 706 όρᾷ

337 727 412 787 23
428 720 538 787 τὸν
582 718 807 786 στόλον
851 717 1015 785 εὐθὺ
1058 724 1171 804 τῆς
1212 716 1467 790 πόλεως
1495 717 1916 804 πλοΐζόμενον
1929 736 1947 769 -·
1994 718 2220 784 αὐτίκα
2251 718 2461 785 τοίνυν
2491 720 2698 807 γέγονε

337 832 411 890 24
428 823 537 891 καί
604 822 798 897 αὐτὸς
865 822 1362 908 ὀπισθόρμητος.
1477 827 1591 888 τοῦ
1663 821 1733 887 ὁὲ
1790 821 2171 889 Φιλιππικοῢ
2239 821 2698 909 εὖπλοήσαντσς

289 940 294 945 ’
362 935 410 996 C
427 928 535 997 καὶ
579 925 1185 1014 προκαταλαβόντος
1207 924 1345 1011 τὴν
1386 924 1833 1013 μεγαλόπολιν,
1881 926 2121 998 ἐκεῖνος
2151 926 2220 993 ἐν
2248 933 2345 1011 τῷ
2376 927 2741 1015 Δαματρύΐδ

337 1042 411 1100 25
428 1033 778 1120 ἐσκήνωσε.
868 1031 1035 1117 πρὸς
1093 1032 1169 1097 ὃν
1225 1030 1264 1096 ό
1309 1031 1644 1116 εἰρημένος
1687 1027 1913 1104 Ἠλίας
1968 1030 2341 1104 ἀποσταλεὶς
2405 1031 2692 1122 ήόυνήθη

424 1143 632 1204 πεῖσαι
677 1134 750 1202 τὸ
793 1135 952 1223 μετὰ
982 1133 1423 1201 Ἰουστινιανοῦ
1465 1133 1913 1219 στρατιωτικὸν
1958 1133 2304 1220 ἀποστῆναι
2350 1135 2548 1201 αὐτοῦ
2591 1140 2693 1206 καὶ

336 1251 408 1310 26
424 1238 824 1329 προσρυῆναὶ
879 1239 1256 1326 Φιλιππικῷ.
1348 1239 1794 1325 καταλειφθεὶς
1849 1240 2059 1305 τοίνυν
2111 1239 2289 1325 παρὰ
2336 1245 2467 1307 τῶν
2511 1266 2690 1327 στρα-
2707 1252 2754 1310 D
2773 1255 2846 1317 1115

425 1350 672 1413 τιωτῶν
726 1342 1164 1418 ’Ῑουστινιανὸς
1230 1348 1546 1431 χειροῦται
1615 1343 1724 1411 καὶ
1792 1343 2005 1431 χερσὶν
2074 1345 2331 1418 οἰκείαις
2399 1345 2597 1418 εὐθὺς
2656 1347 2692 1415 ό

335 1461 404 1521 27
423 1448 642 1524 Ἠλίας
688 1450 905 1535 ἀφεῖλε
949 1449 1064 1537 τὴν
1108 1448 1306 1515 αὐτοῦ
1352 1447 1663 1535 κεφαλήν.
1756 1448 1795 1515 ό
1842 1447 1913 1515 ὀὲ
1957 1448 2186 1516 τούτου
2239 1455 2390 1524 παῖς
2435 1450 2474 1517 ὁ
2524 1450 2689 1540 Τιβέ-
2710 1462 2766 1521 10

274 1554 278 1561 ’
424 1579 563 1643 etos·
606 1554 764 1642 μετὰ
811 1561 921 1642 τῆς
964 1552 1130 1641 πρὸς
1173 1552 1418 1642 μητρὸς
1460 1553 1738 1643 μάμμης
1759 1553 2168 1629 Ἀναστασίας
2216 1554 2283 1643 (ἡ
2333 1553 2457 1644 γὰρ
2487 1557 2691 1647 μήτηρ

422 1661 622 1728 αὐτοῦ
676 1659 994 1745 Θεοῦώρα
1041 1659 1217 1747 ἔφθη
1264 1658 1511 1745 θανεῖν)
1569 1666 1663 1746 τῷ
1719 1658 1788 1726 ἕν
1833 1657 2229 1748 Βλαχέρναις
2291 1668 2434 1747 ναῷ
2496 1685 2689 1750 προσ-

421 1764 656 1853 φυγὼν
711 1762 918 1832 είσέόυ
963 1763 1035 1832 τὸ
1082 1766 1263 1832 θεῖον
1305 1764 1761 1852 θυσιαστήριον
1784 1764 1916 1832 ’καὶ
1960 1763 2090 1831 ὑπὸ
2135 1763 2251 1851 τὴν
2292 1769 2550 1853 παναγῆ
2595 1793 2688 1854 γε-

421 1870 692 1957 νόμενος
743 1870 1080 1956 τράπεζαν,
1146 1869 1290 1942 ἑνὸς
1333 1874 1468 1936 τῶν
1510 1870 1744 1955 ταύτην
1789 1868 2150 1956 ἀνεχόντων
2195 1870 2546 1938 στυλίσκων
2592 1874 2686 1940 ὂε-

232 1986 293 2046 Ῑ)
331 1987 403 2046 28
423 1975 781 2062 ὁραγμένος
839 1975 1074 2041 ἱκέτευε
1127 1972 1220 2060 μὴ
1286 1974 1524 2040 θανεῖν.
1617 1970 1751 2040 ἀλλ’
1802 1976 1865 2042 οί
1920 1974 2240 2048 σταλέντες
2297 1975 2384 2049 είς
2442 1976 2687 2064 ζήτησιν
2704 1976 2783 2046 15'

418 2081 617 2147 αὐτοῦ
663 2079 1105 2156 ἐξελκύσαντες
1145 2085 1259 2145 τοῦ
1289 2080 1747 2166 θυσιαστηρίου
1778 2077 1889 2145 τὸν
1916 2079 2115 2146 παῖὁα
2146 2081 2435 2167 μαχαίρᾳ
2466 2082 2685 2148 τούτου

417 2183 526 2252 τὸν
571 2183 800 2271 λαιμὸν
845 2185 941 2259 ὡς
983 2184 1399 2271 βοσκήματος
1444 2184 1760 2271 ἀπέτεμον
1804 2184 2088 2270 ἀπηνῶς.
2730 2268 2737 2278 ⁸

306 2296 398 2366 26
584 2288 758 2377 Ἥόη
831 2289 902 2357 δὲ
969 2296 1080 2378 τῆς
1147 2289 1466 2375 βασιλείας
1530 2288 1747 2376 τυχὼν
1810 2288 1850 2356 ό
1912 2288 2287 2365 Φιλιππικὸς
2353 2290 2516 2359 κατὰ
2583 2299 2687 2380 τῆς

416 2395 602 2482 ἕκτης
647 2396 1094 2483 οἶκουμενικῆς
1140 2394 1419 2462 συνόδου
1470 2395 1812 2481 ὡπλίσατο,
1878 2395 1988 2461 καὶ
2045 2395 2324 2463 σύνοόον
2379 2398 2687 2485 ἀθροίσας

415 2595 452 2651 6
486 2593 753 2666 ἀναίρεσις
791 2594 1106 2667 (ἀντίρρησις
1133 2592 1202 2667 C)
1235 2594 1607 2652 ’Ῑουστινιανοῢ
1644 2592 1737 2651 καί
1769 2602 1861 2652 τοῦ
1896 2594 2089 2658 παιδὸς
2127 2597 2269 2663 (υίρῧ
2297 2595 2366 2663 Ε)
2404 2594 2569 2654 αὐτοῦ
2594 2595 2683 2655 ΟΕ

419 2668 488 2724 18
522 2669 762 2740 βασιλεία
805 2668 1135 2724 Φιλιππικοῢ
1173 2675 1267 2725 τοῦ
1305 2669 1398 2724 καί
1435 2668 1695 2741 Βαρδάνη
1736 2676 1802 2735 (τ.
1842 2690 1895 2725 κ.
1929 2668 2105 2740 Βαρὸ.
2146 2685 2262 2726 om.
2289 2667 2363 2740 B)
2402 2668 2527 2741 AR,
2563 2672 2685 2726 ὅθεν

413 2739 668 2813 ἀθετῆσαι
709 2739 805 2814 τὴν
842 2742 888 2803 ς’
929 2740 1159 2797 σύνοδον
1193 2741 1456 2814 προήχθη
1498 2740 1596 2799 ΟΕ

520 2922 558 2980 2
593 2921 863 2995 ίξώρμισε
900 2922 974 2993 D,
1014 2938 1170 2981 corr.
1211 2922 1315 2985 Dw
1489 2922 1526 2979 3
1560 2922 1930 2995 πλωϊζόμενον
1967 2921 2080 2981 Dw
2294 2923 2332 2982 δ
2368 2925 2682 2999 καταλαβόν-

523 3017 610 3059 τος
649 2994 698 3053 Ο
848 2998 882 3054 6
920 2997 1072 3069 ήλίας
1104 2993 1176 3065 A,
1213 2996 1365 3069 ήλίας
1391 2993 1649 3068 prDi,
1689 3011 1746 3055 V.
1785 2994 1867 3054 ad
1893 2994 2034 3055 XIV
2108 2996 2159 3069 ὖ,
2200 2997 2271 3057 17
2415 2998 2451 3056 6
2488 2997 2682 3061 σταλείς

525 3066 763 3144 Εννρῦἰ
909 3070 942 3129 7
978 3077 1197 3144 ποιῆσαι
1230 3069 1286 3126 Ι)
1434 3075 1580 3127 anto
1616 3070 1780 3127 ίουστ.
1821 3068 1962 3127 add.
2003 3077 2097 3129 τοῦ
2136 3070 2239 3129 Ew
2436 3072 2505 3130 10
2537 3072 2681 3145 ήλίας

521 3143 745 3219 Apr.
787 3158 846 3213 v,
884 3159 975 3201 vs.
1013 3145 1049 3201 6
1234 3144 1299 3200 11
1336 3143 1523 3216 μάμης
1563 3141 1687 3214 ED,
1728 3158 1884 3201 corr.
1928 3141 2032 3207 Dw
2200 3087 2284 3202 If
2305 3144 2600 3219 ἐνεχόντων
2637 3143 2680 3201 Ε

524 3216 593 3274 16
630 3223 777 3275 ante
815 3224 909 3274 τοῦ
948 3215 1090 3274 add.
1126 3215 1192 3273 ἐκ
1232 3217 1298 3290 Ε,
1336 3233 1396 3275 v.
1435 3216 1517 3274 ad
1555 3215 1696 3275 XIV
1739 3217 1821 3290 17,
1862 3216 1933 3274 15
2218 3232 2221 3238 ’

413 3396 728 3470 profectus
767 3407 907 3451 cum
949 3407 1149 3465 usque
1171 3389 1462 3466 Sinopen)
1485 3392 1773 3463 venisset,
1812 3391 1984 3467 videt
2004 3392 2261 3452 classem
2299 3394 2517 3453 urbem
2558 3410 2679 3453 ver·

186 3470 280 3534 23.
318 3470 392 3530 24
410 3484 516 3527 sus
567 3468 1081 3542 proticiscentcm3
1138 3466 1341 3523 statim
1382 3466 1572 3539 igitur
1629 3472 1689 3524 et
1747 3467 1879 3541 ipse
1935 3483 2129 3524 naves
2169 3470 2490 3528 convertit.
2564 3467 2678 3529 Sed
2772 3493 2775 3496 1

409 3542 605 3616 Philip
631 3542 785 3600 >icus
827 3536 1124 3614 prospera
1162 3541 1566 3612 navigatione
1615 3556 1766 3598 usus
1806 3548 2222 3615 praeoccupat
2259 3558 2550 3615 maguam
2589 3558 2679 3600 ur·

317 3616 566 3685 25bcm‚
607 3560 707 3673 ίΙΙο
745 3622 953 3673 autem
994 3615 1056 3671 in
1096 3613 1396 3687 Damatry
1435 3614 1665 3671 stativa
1704 3615 1906 3671 habet.
1982 3612 2078 3672 Ad
2119 3627 2304 3689 quem
2342 3616 2550 3674 Helias
2587 3616 2678 3673 ille

408 3691 629 3748 missus
664 3689 986 3747 Iustiniani
1009 3687 1301 3744 militibus
1321 3689 1642 3759 persuasit,
1682 3695 1752 3745 ut
1773 3688 2016 3746 deserto
2056 3689 2159 3746 illo
2197 3705 2265 3747 se
2303 3691 2382 3747 ad
2404 3690 2678 3763 Philippi·

317 3765 548 3823 26cum
571 3765 942 3821 conferrent.
1001 3761 1380 3818 Iustinianus
1401 3761 1608 3832 igitur,
1649 3777 1789 3819 cum
1828 3777 1867 3818 a
1905 3762 2198 3819 militibus
2221 3763 2501 3821 desertus
2528 3767 2677 3821 esset

408 3844 646 3909 captus,
684 3837 889 3894 statim
929 3834 1009 3892 ab
1032 3834 1209 3891 Helia
1249 3835 1376 3890 suis
1397 3835 1683 3891 manibus
1706 3836 1944 3892 occisus
1965 3843 2058 3893 est
2078 3839 2282 3908 capite
2303 3837 2676 3894 detruncato.

316 3912 389 3970 27
409 3909 596 3968 Pilius
647 3916 853 3967 autem
904 3910 1037 3965 eius
1076 3906 1365 3965 Tiberius
1416 3923 1556 3963 cum
1607 3909 1751 3965 avia
1801 3915 2083 3965 materna
2138 3911 2469 3968 Anastasia
2520 3913 2676 3979 (uam

408 3982 738 4040 Theodora
775 3987 970 4040 mater
1008 3982 1130 4038 iam
1170 3980 1434 4049 obierat)
1473 3982 1535 4036 in
1576 3982 1867 4053 templum
1907 3981 2339 4042 Blachernium
2387 3983 2675 4054 confugit,

408 4072 672 4129 cumque
710 4062 1174 4113 sacrosanctum
1231 4054 1520 4111 sacellum
1560 4055 1880 4128 ingressus
1918 4071 2191 4112 mensam
2239 4058 2674 4114 sanctissimam

407 4130 710 4197 subiisset,
768 4130 1072 4201 prehensa
1110 4143 1241 4185 una
1279 4127 1602 4184 columella
1641 4144 1776 4185 eam
1817 4127 2111 4185 fulciente
2148 4136 2406 4188 mortem
2455 4137 2546 4186 est
2582 4128 2673 4183 de·

316 4202 390 4261 28
408 4208 712 4275 precatus.
788 4201 910 4260 Sed
936 4203 1041 4273 qui
1081 4201 1160 4257 ad
1200 4217 1342 4257 eum
1364 4201 1787 4272 quaerendum
1810 4207 1989 4257 erant
2007 4203 2192 4273 missi,
2231 4205 2408 4275 pueri
2445 4220 2480 4260 e
2505 4214 2673 4260 sacro

406 4277 698 4332 abstracti
738 4275 961 4332 collum
997 4280 1318 4346 tamquam,
1350 4273 1606 4346 pecudis
1645 4273 1978 4330 crudeliter
2014 4282 2432 4334 resecuerunt.
2562 4274 2566 4279 ’

586 4348 675 4405 26.
749 4346 878 4404 Iam
917 4350 1148 4420 potitus
1186 4362 1382 4419 regno
1422 4346 1834 4404 Pmmvmcvs
1874 4352 2090 4406 contra
2129 4355 2369 4406 sextam
2410 4362 2675 4407 oecume-

406 4422 606 4479 nicam
634 4421 941 4495 synodum
979 4437 1151 4476 arma
1174 4421 1416 4493 paravit
1440 4420 1795 4492 indictaque
1822 4419 2063 4493 synodo
2105 4421 2284 4478 home
2328 4422 2428 4480 ille
2470 4433 2674 4490 vanua,
