2870 4966
790 243 1095 316 1vL1Au1
1132 247 1561 317 nxrssnme
1602 242 1947 319 ΡΕΒεῙοΑ.
2418 246 2492 321 et

256 438 478 515 νυκτὸς
520 444 598 527 τῇ
643 438 870 526 Δάφνῃ
917 437 1179 524 καὶτὸν
1215 438 1380 508 ’ναὸν
1433 439 1542 508 καὶ
1594 440 1666 508 τὸ
1718 442 1971 531 ἄγαλμα
2027 444 2497 534 ἀπετέφρωσιν.

258 542 498 633 οἰηθεὶς
542 541 663 612 οὖν
706 543 777 620 ἐξ
821 544 1156 632 ἐπιβουλῆς
1200 549 1575 631 χριστιανῶν
1619 547 1909 631 γενέσθαι
1954 546 2064 617 τὸν
2122 546 2501 637 ἐμπρησμὸν
2518 553 2592 612 48

260 652 297 718 6
340 647 634 731 ἀλάστωρ
680 647 920 719 ἐκεῖνος
975 647 1085 714 καὶ
1149 647 1445 732 ἐκμανεὶς
1505 647 1617 722 τὰς
1678 654 1809 716 τῶν
1869 656 2110 719 πιστῶν
2171 650 2506 739 ἐκκλησίας

153 770 158 776 ’
260 750 629 820 ἀπέκλεισεν.
721 745 829 815 ὑπ’
876 750 1075 829 αὐτοῦ
1129 750 1237 818 καὶ
1290 750 1329 816 6
1381 751 1584 836 μέγας
1628 751 1954 839 Ἂρτέμιος
2012 755 2333 843 ἐκολάσθη
2386 755 2507 842 μὲν
2520 760 2593 818 44

211 866 244 922 5
261 857 352 929 ὡς
395 852 761 941 χριστιανός,
808 854 1115 940 ἔπήνεκτο
1162 852 1232 919 ὀὲ
1277 854 1456 938 αὐτῷ
1495 853 1534 919 6
1563 860 1678 921 τοῦ
1710 854 1962 922 Γάλλου
1992 858 2197 944 φόνος
2220 856 2503 944 αἰτίαμα,

153 994 161 1003 ·
261 958 363 1027 καὶ
408 958 470 1024 οἱ
512 957 927 1043 πρεσβύτεροι
974 955 1277 1042 Εὒγένιος
1321 957 1429 1023 καὶ
1456 955 1822 1042 ,Μακάριος
1867 957 1995 1025 ύπὸ
2038 960 2266 1026 τούτου
2311 960 2506 1026 κολα-

263 1061 509 1131 σθέντες
559 1063 691 1124 τῶν
742 1063 1155 1145 μαρτυρικῶν
1209 1059 1542 1144 στεφάνων
1595 1062 2103 1149 κατηξιώθησαν,
2172 1060 2279 1128 καὶ
2325 1063 2390 1128 οἱ
2432 1062 2506 1130 ἐκ

269 1159 574 1246 Περσίδος
641 1159 807 1244 πρὸς
874 1157 1067 1226 αὐτὸν
1135 1161 1453 1233 σταλέντες
1518 1160 1854 1248 πρεσβείας
1920 1164 2104 1250 χάριν
2171 1164 2507 1251 Μανουήλ,

263 1263 469 1352 Σιιβὲλ
514 1263 622 1330 καὶ
660 1263 917 1350 Ἰσμαὴλ
961 1263 1067 1330 καὶ
1111 1264 1336 1330 πολλοὶ
1381 1264 1575 1331 ἄλλοι.
2527 1271 2603 1332 W
2622 1270 2800 1331 11128

132 1380 137 1386 ’
185 1377 247 1435 10
434 1366 837 1452 Στρατεύσας
883 1366 953 1432 δὲ
998 1367 1158 1433 κατὰ
1208 1366 1488 1453 Περσῶν
1531 1368 1847 1461 πρότερον
1890 1369 2010 1456 μὲν
2059 1369 2360 1457 εὐτύχησε
2402 1367 2513 1437 καὶ
2533 1366 2617 1443 13

261 1471 466 1542 πόλεις
519 1469 642 1536 εἷλέ
694 1494 863 1557 τινας
924 1471 1033 1536 καὶ
1095 1469 1373 1543 πολλοὺς
1442 1470 1641 1536 ἀνεῖλε
1703 1472 1812 1539 καὶ
1874 1471 2040 1546 λείας
2104 1473 2341 1560 πολλῆς
2402 1470 2510 1540 καὶ
2531 1474 2579 1534 C

266 1573 686 1660 αἰχμαλώτων
731 1573 1036 1660 ἐκράτησε
1077 1574 1185 1640 καὶ
1219 1575 1641 1660 Κτησιφῶντα
1674 1575 2044 1660 ἐπολιόρκει.
2123 1571 2227 1640 εἶτ’
2259 1575 2565 1659 άθρόονὲ

266 1684 389 1744 τῶν
430 1677 827 1763 πραγμάτων
881 1678 1058 1761 αὐτῷ
1113 1677 1200 1749 εἷς
1253 1673 1324 1741 τὸ
1377 1684 1593 1763 χεῖρον
1648 1680 2151 1762 περιτραπέντων
2202 1678 2395 1751 αὐτός
2446 1702 2511 1745 τε

37 1795 250 1855 ›111214
265 1781 367 1848 καὶ
411 1782 521 1846 τὀῢ
568 1780 1031 1865 στρατεύματος
1075 1777 1147 1845 τὸ
1192 1780 1385 1869 πλέον
1429 1781 1739 1847 ἀπώλετο.
1821 1783 1886 1852 οἷ
1917 1781 2037 1867 γὰρ
2068 1781 2316 1868 Πέρσαι
2347 1782 2507 1849 ἀπο·
2526 1787 2564 1845 B

189 1903 249 1960 15
267 1884 504 1970 γνόντες
550 1884 657 1950 καὶ
714 1885 801 1956 εἷς
856 1884 1133 1970 ὄλεθρον
1190 1883 1454 1956 ἑαυτοὺς
1507 1884 1801 1950 εἶσωθεῒν
1854 1892 2157 1973 προφανῆ
2213 1884 2507 1972 ἐβουλεύ-

266 2013 424 2073 οντο,
493 1990 593 2054 ἵνα
639 2013 691 2053 τι
737 1989 1244 2074 κατεργάσωνται
1289 1987 1437 2061 τοὺς
1476 1987 1831 2074 Ῥωμαίους
1878 1989 2095 2055 ὁεινόν.
2190 1989 2309 2055 δύο
2354 1993 2561 2075 γοῦν4

266 2093 331 2158 ἓν
390 2092 658 2179 σχήματι
722 2092 1099 2179 αὐτομόλων
1160 2100 1254 2177 τῷ
1316 2092 1563 2179 βασιλεῖ
1617 2092 2103 2178 προσερρύησαν
2164 2092 2271 2158 καὶ
2328 2091 2509 2179 νίκην

267 2197 437 2281 αύτῷ
481 2195 640 2262 κατὰ
683 2195 980 2281 Περσῶν,
1027 2196 1085 2261 εί
1109 2197 1319 2263 ἕποιτο
1349 2196 1578 2270 αὐτοῖς,
1626 2196 2088 2281 ἐπηγγέλλοντο.
2167 2198 2343 2263 ἐᾶσαι
2384 2195 2505 2282 γάρ
2522 2201 2562 2259 5

267 2377 300 2430 9
331 2374 448 2445 περὶ
486 2380 593 2430 τῶν
629 2374 796 2446 ἁγίων
826 2374 1093 2445 Ἀρτεμίου
1130 2373 1221 2430 καί
1259 2373 1518 2445 Εὖγενίου
1555 2373 1647 2430 καὶ
1685 2375 1977 2444 Μακαρίου
2013 2373 2059 2432 C

358 2537 394 2592 4
430 2536 490 2594 δὲ
524 2537 663 2594 add.
702 2543 844 2594 ante
881 2537 973 2593 καί
1012 2537 1059 2593 Ε
1250 2537 1286 2594 5
1322 2538 1536 2608 αι’τιάμα
1572 2538 1604 2593 6
1638 2559 1681 2594 τ.
1719 2559 1765 2609 γ.
1806 2539 1971 2609 φόνος
2009 2536 2157 2610 pr
2339 2537 2502 2610 γάλου

362 2608 433 2679 D,
473 2626 626 2667 cerr.
666 2609 789 2677 Dw,
827 2615 897 2666 ut
934 2608 1079 2666 XIII
1119 2609 1203 2680 12,
1240 2609 1313 2665 26
1457 2609 1493 2665 6
1528 2610 1733 2672 τούτοις
1769 2609 1843 2680 D,
1884 2626 2038 2668 corr.
2075 2609 2180 2670 Dw
2338 2611 2503 2667 κολα·

360 2680 588 2753 σθέντες]
627 2681 827 2738 ἕκολάσ
901 2702 1000 2737 σαν
1034 2682 1127 2738 καὶ
1164 2682 1212 2738 Ε
1402 2681 1439 2737 9
1473 2682 1621 2737 ἄλλοι
1659 2682 1851 2737 πολλοί
1882 2682 1931 2740 Ε
2130 2682 2201 2739 10
2234 2681 2501 2754 ηύτύχησε

360 2751 552 2826 EpDi,
592 2770 649 2811 v.
691 2754 771 2810 ad
810 2753 865 2810 X
898 2753 956 2810 11
998 2754 1080 2824 10,
1110 2754 1179 2809 10
1214 2760 1277 2811 et
1313 2752 1452 2821 XVI
1488 2754 1540 2820 6,
1576 2755 1659 2813 17.
1734 2753 1839 2810 Est
1876 2754 2067 2826 igitur
2101 2761 2500 2826 aug-mentum

360 2826 705 2897 verberum,
746 2840 1007 2899 quorum
1046 2826 1412 2899 principium
1451 2831 1545 2883 est
1580 2846 1658 2895 ευ,
1695 2825 1878 2884 modo
1915 2847 1992 2898 ευ,
2030 2825 2212 2883 mede
2249 2846 2339 2898 ηυ.

361 2898 428 2954 13
464 2897 541 2970 τὸ]
584 2898 674 2955 τὸν
711 2897 757 2956 C
903 2903 1047 2955 ante
1083 2898 1239 2960 αὐτὸς
1277 2896 1416 2955 add.
1449 2898 1461 2969 Ι
1490 2898 1583 2954 καὶ
1620 2897 1669 2954 Ε
1840 2896 1910 2953 15
1946 2905 2200 2970 προφανῆ
2232 2899 2498 2956 συνωθεῒν
2560 2947 2567 2955 .

360 2969 427 3040 R,
461 2992 579 3042 περι
627 2978 731 3043 ανῆ
767 2971 1034 3027 συνωθεῖν
1070 2970 1224 3043 pr
1550 2969 1619 3025 16
1656 2977 1762 3031 τοῖς
1799 2969 2056 3041 ρωμαίοις
2093 2969 2165 3040 D,
2204 2984 2358 3028 corr.
2393 2968 2498 3033 Dw

429 3043 545 3099 δύω
639 3060 782 3116 wwp
966 3042 1036 3100 18
1070 3042 1247 3106 αι’·τοῒς
1282 3058 1397 3100 om.
1435 3041 1484 3097 B

260 3209 317 3263 et
369 3210 571 3263 statua
627 3206 829 3264 deleta
884 3212 1043 3265 suut.
1137 3204 1328 3264 Batus
1377 3206 1567 3279 igitur
1617 3220 1695 3263 ex
1749 3204 1982 3262 insidiis
2019 3203 2594 3266 Christianorum&

259 3277 479 3335 sectum
523 3294 656 3336 esse
693 3280 1041 3338 incendium
1075 3278 1254 3336 hoino
1293 3278 1393 3335 iiie
1432 3278 1720 3352 pestilens
1761 3283 1822 3336 et
1859 3278 2067 3336 mrore
2091 3277 2498 3337 inflammatus

259 3350 519 3410 fidelium
557 3352 846 3410 eeclesias
884 3352 1116 3409 elausit.
1191 3349 1285 3408 Ab
1325 3366 1398 3409 eo
1440 3357 1498 3408 et
1538 3365 1801 3408 inno-nus
1842 3349 2147 3408 Artemius
2198 3348 2592 3425 supplic-iou

260 3423 506 3481 affectus
548 3433 655 3492 est.
692 3442 828 3482 eum
869 3426 925 3483 ei
964 3423 1123 3482 Gaui
1161 3423 1382 3482 euodes
1420 3395 1676 3481 crimini⁵
1684 3428 1843 3481 esset
1870 3423 2030 3494 data,
2070 3424 2495 3498 etpresbyteri

259 3494 566 3568 Eugenius
606 3507 666 3556 et
702 3498 1004 3555 Macarius
1041 3497 1121 3554 ab
1159 3514 1233 3555 eo
1280 3496 1578 3571 supplicio
1625 3497 1827 3554 nfl'eeti
1876 3502 2208 3569 martyrum
2256 3497 2496 3555 coronis

260 3566 488 3640 dignati
541 3578 684 3628 sunt
733 3585 849 3628 nee
899 3587 1020 3627 non
1074 3571 1261 3643 legati
1309 3586 1386 3628 ex
1427 3569 1679 3627 Perside
1727 3568 1806 3626 ad
1857 3583 1996 3626 eum
2032 3570 2195 3627 missi
2235 3568 2496 3640 Mannei,

260 3638 450 3713 Sabei,
489 3643 720 3714 Ismael,
760 3644 861 3700 alii
899 3644 1087 3701 multi.

434 3716 518 3773 13.
592 3716 999 3788 Expeditione
1036 3722 1249 3774 eontra
1274 3715 1496 3774 Persas
1524 3717 1687 3773 saeta
1714 3715 1885 3773 initio
1914 3713 2156 3787 quidem
2184 3729 2309 3772 rem
2339 3714 2496 3773 bene

261 3789 443 3857 gessit
480 3794 540 3846 et
578 3788 837 3846 urbibus
875 3789 1248 3861 expugnatis
1286 3788 1609 3859 nonnuliis,
1658 3788 1858 3845 multis
1897 3787 2245 3858 interfectis,
2292 3787 2496 3844 multis

261 3862 446 3930 captis
503 3877 853 3934 magnaque
910 3861 1141 3935 praeda
1199 3869 1375 3935 parta
1424 3860 1874 3934 Ctesiphontem
1930 3857 2263 3917 obsidebat.
2338 3857 2553 3919 Tun18
2626 3868 2630 3871 ’

259 3932 437 3988 rebus
502 3935 705 3992 subito
773 3935 928 3991 male
996 3935 1376 3991 vertentibus
1445 3935 1575 4007 ipse
1631 3940 1690 3990 et
1744 3933 1936 3989 maior
1990 3948 2132 4005 pars
2189 3932 2497 3990 exereitus

259 4003 424 4074 perit.
499 4005 651 4063 Nam
689 4006 917 4064 Persae
975 4007 1219 4079 quidem
1271 4007 1598 4080 desperata
1647 4005 1843 4063 salute
1891 4005 1951 4061 in
1999 4006 2197 4078 ipsum
2244 4003 2551 4061 munire-8
2593 4004 2599 4018 '

258 4082 407 4132 stum
447 4079 757 4136 interitum
794 4082 1030 4137 irruere
1068 4080 1468 4149 destinarant,
1523 4086 1592 4135 ut
1629 4078 1862 4134 cladem
1899 4077 2167 4150 aliquam
2205 4076 2493 4134 Romanis

258 4147 559 4208 inferrent.
653 4153 869 4225 ltaque
934 4153 1058 4209 duo
1125 4168 1236 4226 pro
1295 4152 1631 4223 transfugis
1687 4149 1766 4206 ad
1825 4165 2033 4206 rewem
2092 4149 2551 4224 accurrerunt4

257 4220 430 4292 eique
467 4223 793 4282 Persarum
832 4226 1165 4295 victoriam,
1205 4226 1254 4281 si
1294 4240 1360 4282 se
1399 4229 1774 4296 sequeretur,
1814 4192 2272 4295 pofiieebantur.
2337 4221 2488 4279 Nsun
2511 4223 2550 4279 δ

258 4294 469 4353 omisso
518 4298 706 4355 fluvio
758 4303 819 4357 et
865 4298 1212 4355 triremibus
1262 4298 1602 4369 ceterisque
1653 4295 1916 4352 navibus
1971 4296 2312 4368 onerariis„
2338 4309 2493 4367 quas

358 4402 592 4451 Zonaras
621 4406 852 4463 Epitome
879 4404 975 4453 111.
2135 4384 2171 4445 5
