2870 4966
363 279 469 347 ιρι
960 284 1236 352 zema.
1273 251 1474 354 κεπτ.
1514 288 1657 351 xtv
1692 289 1743 366 ι,
1783 287 2014 354 ιιι-οε.

266 464 343 527 ¹⁸
362 466 440 561 ἧς
496 470 783 560 ἐγένοντο
837 473 1017 563 αὐτῷ
1070 474 1416 563 θυγατέρες
1471 469 1611 555 δύο,
1665 474 1963 566 Ἀριάὸνη
2009 475 2117 546 καὶ
2162 474 2454 548 Λεοντία·
2518 476 2611 551 ὧν

358 574 471 664 τὴν
512 575 633 666 μὲν
672 583 767 666 τῷ
798 576 1052 667 Ζήνωνι
1081 578 1497 668 κατηγγύηοε,
1545 578 1658 669 τὴν
1703 579 2107 657 ὃᾶΛεοντίαν
2151 582 2478 662 συνέζευξα
2521 595 2611 675 τῷ

355 678 668 769 πατρικίῳ
714 680 1101 770 Μαρκιανῴ,
1159 684 1294 771 ,υἱῷ
1328 682 1670 771 Ἀνθεμίου
1726 689 1839 752 τοῦ
1894 684 2377 771 βασιλεύσαντος
2429 688 2497 757 έν
2538 697 2610 781 τῇ

347 782 585 872 Ῥώμη·

263 880 341 940 14
527 886 672 956 Ἐπὶ
714 889 941 958 τούτου
986 897 1098 959 τοῦ
1143 892 1457 979 βασιλέως
1493 892 1747 978 γέγονεν
1776 893 1843 959 έν
1871 898 1949 980 τῇ
1979 894 2092 979 νέα
2113 893 2332 982 Ῥώμῃ
2363 903 2608 981 φρικω-
2626 894 2678 955 5⁶

358 991 652 1066 ὀέστατος
697 992 1092 1081 έμπρησμός,
1138 998 1213 1068 ὃς
1257 995 1387 1062 ἀπὸ
1432 996 1763 1082 θαλάσσης
1792 997 1920 1069 ἕως
1949 997 2297 1085 θαλάσσης,
2345 997 2475 1066 άπὸ
2503 1008 2610 1069 τοῦ

284 1087 338 1146 Β
357 1093 655 1181 ἅρκτῴου
704 1097 947 1184 ὀηλαόὴ
992 1099 1234 1184 μέρους
1278 1099 1406 1172 ἕως
1450 1105 1561 1165 τοῦ
1606 1101 2063 1186 μεσημβρινοῦ,
2110 1100 2224 1187 τὴν
2266 1102 2447 1169 πόλιν
2492 1104 2609 1171 ὄιέ-

357 1198 580 1283 ζωσεν,
630 1200 717 1274 είς
759 1206 971 1287 μῆκος
1018 1201 1088 1267 δὲ
1135 1202 1462 1288 διεξῆλθεν
1507 1201 1637 1269 ἀπὸ
1672 1208 1785 1269 τοῦ
1818 1203 2228 1288 Βοοσπορίου
2270 1206 2458 1292 μέχρι
2502 1214 2608 1275 τοῦ

355 1308 515 1368 ναοῦ
560 1308 672 1369 τοῦ
720 1304 902 1388 ἁγίου
940 1304 1246 1372 Ἰωάννου
1292 1311 1403 1371 τοῦ
1449 1305 1833 1393 Καλυβίτου,
1897 1306 2064 1391 πρὸς
2119 1307 2188 1374 δὲ
2245 1309 2443 1386 νότον,
2484 1311 2607 1378 ἀπὸ

352 1411 467 1472 τοῦ
521 1412 681 1473 ναοῦ
737 1413 851 1473 τοῦ
909 1408 1092 1494 ἁγίου
1148 1409 1506 1475 ἀποστόλου
1561 1407 1775 1494 Θωμᾶ
1833 1396 2024 1496 μέχρι
2085 1416 2199 1477 τοῦ
2262 1417 2423 1478 ναοῦ
2484 1418 2608 1481 τῶν
2624 1413 2685 1472 10

261 1504 336 1561 15
351 1509 652 1595 μεγάλων
693 1511 1044 1596 μαρτύρων
1088 1510 1363 1598 Σεργίου
1409 1511 1520 1578 καὶ
1564 1512 1862 1598 Βάκχου·
1912 1513 1980 1579 έν
2026 1513 2096 1578 ὁὲ
2139 1521 2235 1600 τῷ
2276 1515 2460 1600 μέσῳ
2503 1523 2607 1603 τῆς

265 1608 272 1613 ’
351 1612 603 1686 πόλεως
636 1613 776 1680 ’ἀπὸ
821 1620 952 1680 τῶν
994 1614 1262 1682 Λαύσου
1309 1618 1437 1689 ἕως
1479 1621 1592 1681 τοῦ
1644 1615 1897 1702 Ταύρου
1949 1616 2024 1683 τὰ
2072 1616 2140 1683 έν
2183 1618 2366 1702 μέσῳ
2410 1619 2604 1686 πάντα

261 1712 335 1769 16
352 1717 758 1785 κατέκαυσεν.
852 1718 955 1784 ὅτε
1016 1719 1250 1804 λέγεται
1313 1719 1421 1784 καὶ
1486 1719 1525 1785 ὁ
1570 1719 1817 1804 Ἄσπαρ
1883 1720 2157 1787 ὁιαθέειν
2218 1719 2330 1793 τὰς
2393 1722 2607 1807 ἀγυιὰς

353 1819 603 1905 ἀγγεῖον
657 1821 888 1894 ῦόατος
939 1822 1174 1908 πλῆρες
1227 1822 1328 1888 ἐπὶ
1384 1826 1514 1888 τῶν
1569 1823 1777 1908 ὤμων
1829 1824 2053 1909 φέρων
2098 1822 2207 1890 καὶ
2251 1822 2359 1889 τὸν
2406 1826 2606 1912 δῆμον

352 1923 750 2007 παρακαλῶν
795 1923 1041 2010 ὁμοίως
1083 1930 1298 2000 ποιεῖν,
1346 1926 1446 1992 ἵνα
1486 1925 1558 1992 τὸ
1588 1931 1719 2009 πῦρ
1750 1927 2208 2013 κατασβέσωσι,
2255 1925 2363 1994 καὶ
2397 1928 2604 2004 διδοὺς
2623 1930 2681 1990 15

260 2020 333 2082 17
351 2025 602 2112 ἑκάστῳ
658 2025 819 2112 ὑπὲρ
863 2029 1105 2113 μισθοῦ
1151 2027 1428 2115 νόμισμα
1477 2028 1816 2114 ἀργυροῦν.
1911 2030 2202 2117 ὁιήρκεσε
2249 2029 2318 2096 δὲ
2362 2029 2435 2097 τὸ
2478 2038 2602 2118 πῦρ

351 2128 554 2197 έκεῖνο
597 2129 711 2217 τὴν
753 2131 936 2198 πόλιν
980 2131 1329 2220 νεμόμενον
1374 2127 1480 2219 ἐφ’
1527 2132 1792 2221 ἡμερῶν
1843 2133 2197 2220 τετρακτύν,
2263 2132 2371 2201 καὶ
2425 2136 2601 2203 κατέ·

349 2343 488 2485 eoem
523 2343 671 2478 2Ετοῦ
704 2345 989 2422 γενομένου
1024 2344 1342 2423 ἐμπρησμοῦ
1378 2346 1463 2407 eni
1500 2353 1591 2422 τῆς
1625 2346 1891 2422 βασιλείας
1925 2350 2039 2416 (τοῦ
2061 2347 2326 2431 βασιλέως
2353 2346 2422 2420 E)
2447 2347 2603 2409 Δέον·

460 2616 497 2673 3
531 2616 898 2690 βασιλεύοντος
934 2615 980 2676 C
1187 2616 1224 2675 ὅ
1260 2623 1353 2676 τοῦ
1388 2617 1652 2694 βασιλέως
1692 2634 1808 2676 om.
1846 2617 1994 2692 pr
2212 2617 2304 2675 νέα
2339 2613 2498 2692 ῥώμη
2534 2616 2601 2691 A,

459 2689 620 2763 ῥώμη
659 2690 725 2761 Ε,
778 2692 927 2747 πόλει
971 2690 1034 2762 Β,
1093 2692 1631 2749 κωνσταντινουπόλει
1670 2690 1820 2764 pr
2053 2691 2091 2749 8
2125 2693 2453 2765 βοοσπορίου
2487 2691 2603 2763 AC,

457 2765 751 2837 βοσπορίου
788 2763 854 2834 Β,
890 2763 1018 2834 βοὸς
1035 2765 1258 2837 σπορίου
1278 2763 1350 2834 D,
1387 2765 1661 2836 βοσπόρου
1681 2764 1936 2837 Ewap
2082 2766 2119 2822 9
2154 2772 2247 2821 τοῦ
2285 2769 2428 2821 ante
2459 2766 2604 2837 ἁγίου
2667 2806 2672 2811 -

462 2853 579 2893 om.
600 2837 728 2910 w*p
749 2837 957 2894 invitis
976 2835 1085 2893 AR
1229 2837 1502 2910 καλιβίτου
1523 2837 1579 2892 D
1727 2836 1798 2893 10
1833 2844 1924 2894 τοῦ
1950 2844 2079 2895 ναοῦ
2118 2842 2262 2895 ante
2286 2844 2379 2893 τοῦ
2419 2852 2531 2893 om.
2551 2837 2603 2893 D

462 2908 528 2966 11
569 2915 713 2966 ante
747 2909 997 2981 μεγάλων
1033 2908 1173 2966 add.
1210 2911 1378 2983 ἁγίων
1415 2908 1513 2966 ΟΕ
1684 2909 1753 2966 13
1789 2910 2085 2967 κατέκαυσε
2121 2907 2366 2984 prDi
2402 2910 2604 2967 invitis

460 2981 586 3052 AB,
625 2998 683 3040 v·
722 2982 802 3039 ad
840 2982 988 3040 XIII
1030 2981 1078 3050 1,
1116 2981 1152 3039 ὁ
1294 2981 1479 3054 ἀγυιὰς
1516 2978 1772 3057 prDi,
1809 2981 1974 3055 ἄγυᾶς
2011 2980 2165 3042 ABG
2314 2983 2381 3039 14
2415 2983 2606 3057 πλῆρες

459 3056 652 3119 ὕδατος
690 3054 844 3130 pr
992 3055 1179 3129 φέρων
1221 3061 1365 3113 aute
1401 3055 1487 3113 ἐπὶ
1530 3055 1579 3113 Ε
1726 3056 1794 3114 17
1832 3056 2118 3130 τετρακτήν
2155 3054 2211 3112 D

267 3247 335 3307 13
354 3254 516 3314 duae
553 3258 610 3314 ei
648 3265 832 3315 natae
869 3263 1013 3315 sunt
1049 3256 1226 3328 tiliae,
1278 3255 1551 3315 Ariadne
1588 3260 1650 3315 et
1686 3256 1961 3327 Leontia,
2010 3251 2270 3329 quarum
2309 3257 2470 3314 iliam
2508 3255 2603 3313 Ze·

352 3330 497 3387 noni
560 3329 901 3403 despondit,
957 3330 1276 3388 Leontiam
1334 3334 1540 3387 autem
1596 3329 1915 3388 coniunxit
1963 3329 2275 3388 Marciano
2334 3330 2601 3405 patricie,

352 3402 474 3461 filio
515 3400 823 3461 Anthemii
861 3405 1026 3476 regis
1064 3404 1340 3462 Romani.

262 3467 335 3529 14
530 3473 660 3535 Sub
706 3477 824 3536 hoe
853 3493 1013 3551 rege
1059 3478 1287 3536 sactum
1328 3481 1420 3536 est
1459 3475 1689 3535 Romae
1738 3491 1938 3535 novae
1986 3475 2358 3536 horrendum
2409 3477 2603 3534 ineen-

353 3548 537 3623 dium,
596 3550 764 3623 qnod
801 3567 839 3609 a
876 3552 1032 3609 mari
1070 3550 1150 3609 ad
1188 3566 1356 3608 mare
1407 3551 1445 3608 i.
1492 3565 1541 3608 e.
1590 3565 1628 3609 a
1674 3549 2133 3624 septentrionali
2182 3555 2358 3624 parte
2412 3562 2603 3622 usque

352 3622 432 3681 ad
472 3624 871 3682 meridianam
909 3625 1124 3682 urbem
1163 3624 1492 3696 succinxit3
1539 3623 1655 3681 hoe
1694 3623 1754 3681 in
1794 3622 2238 3695 longitudinem
2279 3638 2317 3680 a
2355 3623 2603 3696 regione

350 3694 711 3770 Bosporana
746 3713 944 3770 usque
984 3697 1062 3754 ad
1103 3696 1318 3755 aedem
1345 3696 1403 3757 S.
1429 3696 1679 3755 loannis
1705 3695 2039 3769 calybitae,
2078 3697 2139 3754 in
2178 3696 2487 3755 meridiem
2527 3694 2602 3752 ab

353 3770 507 3829 aede
546 3768 604 3829 S.
644 3772 903 3844 apostoli
943 3769 1215 3829 'rhomae
1260 3784 1456 3844 usque
1503 3769 1584 3828 ad
1633 3776 1752 3829 tem
1800 3770 1923 3828 lum
1974 3785 2339 3844 magnorum
2387 3772 2603 3842 marty·

261 3837 335 3897 15
352 3859 487 3901 rum
527 3841 724 3917 Sergii
772 3850 832 3903 et
869 3844 1093 3903 Bacchi
1143 3851 1552 3917 pervagatum
1601 3850 1709 3914 est,
1789 3860 1826 3901 n
1874 3843 2076 3901 media
2125 3848 2330 3901 autem
2378 3842 2531 3901 urbe
2567 3855 2601 3898 a

351 3915 559 3974 Lauso
609 3933 805 3991 usque
852 3918 932 3974 ad
970 3917 1243 3975 Taurum
1293 3934 1368 3975 ea
1417 3933 1579 3989 quae
1626 3918 1688 3975 in
1740 3916 1942 3974 medio
1989 3923 2165 3973 erant
2212 3917 2416 3974 omnia
2454 3930 2602 3972 eom·

259 3985 335 4042 16
355 3990 565 4046 bussit.
639 3991 772 4057 Quo
820 3996 1095 4062 tempore
1143 3991 1364 4047 dieitur
1403 3990 1604 4062 Aspar
1650 4006 1762 4046 vas
1810 4004 2011 4062 aquae
2060 3990 2306 4062 plenum
2344 3988 2603 4045 humeris

354 4064 558 4119 serens
595 4064 729 4118 vias
769 4065 1142 4137 percurrisse
1183 4070 1244 4120 et
1277 4064 1571 4136 populum
1598 4063 1923 4130 monuisse,
1962 4067 2031 4119 ut
2057 4078 2235 4118 suum
2263 4060 2601 4132 exemplum

353 4136 547 4192 secuti
584 4135 790 4206 ignem
830 4139 1312 4204 exstinguerent,
1359 4141 1419 4194 et
1458 4135 1698 4193 dedisse
1736 4135 1994 4203 sing-ulis
2032 4151 2144 4207 pro
2183 4134 2463 4191 mercede
2500 4147 2602 4188 nu·

258 4206 335 4262 17
355 4223 518 4264 mum
558 4214 937 4278 argenteum.
1013 4210 1120 4266 ilie
1169 4211 1330 4281 ignis
1374 4210 1589 4266 urbem
1639 4224 1749 4280 per
1798 4208 1930 4264 ‹lies
1987 4213 2279 4279 quattuor
2318 4208 2601 4278 depastus

355 4285 445 4337 est
483 4284 543 4337 et
582 4287 828 4353 praeter
865 4288 1069 4339 cetera
1105 4282 1439 4339 combussit
1477 4281 1723 4338 domum
1762 4280 1924 4337 illam
1963 4279 2292 4336 maximam
2331 4280 2506 4336 sitam
2543 4276 2602 4330 in

355 4350 602 4426 Senatu,
643 4355 748 4428 qui
782 4355 1019 4427 dieitur,
1060 4371 1182 4429 que
1222 4359 1283 4414 et
1320 4359 1637 4413 senatores
1677 4358 1738 4411 et
1776 4352 1993 4412 delecti
2033 4353 2483 4411 conveniebant
2510 4348 2599 4404 de·
