2870 4966
437 331 550 407 ω
1061 331 1340 408 zonas.
1383 345 1585 408 ΕΡῙΤ.
1622 332 1735 408 'xv
1763 345 1822 422 τ,
1860 333 2095 408 10-19.

436 530 738 622 ἐτράπετο
792 532 1001 622 λέγων
1052 534 1192 625 “μ’ὴ
1248 529 1435 604 τοῦτο
1481 535 1701 627 ἄλλοτε
1746 532 1788 624 ἢ
1833 535 2021 633 πρὸς.ξ
2044 536 2237 606 ἄλλον
2282 537 2585 629 ἐκφήνῃς,
2647 540 2703 613 ὦ

344 643 413 700 11
433 638 723 725 βασιλεῦ·
787 644 903 708 τοῦ
948 639 1307 738 Νεστορίου
1337 718 1342 723 ,
1372 641 1497 729 γάρ
1562 643 1687 709 ἔστι
1742 641 1816 709 τὸ
1872 639 2172 729 ἐννόημα.
2264 645 2305 730 ἢ
2354 644 2477 711 οὐκ
2515 632 2704 726 ‘oldas-

435 743 621 817 ὅπως
675 743 917 819 ἐκεῖνος
969 743 1147 832 παρὰ
1201 745 1413 833 πάσης
1472 744 1880 834 στηλιτεύεται
1938 746 2276 835 ἐκκλησίας
2321 754 2561 817 πιστῶν
2602 754 2704 822 καὶ

345 851 416 909 12
434 848 792 934 ἀναθέματι
854 851 1331 934 κατακέκριται,·
1344 850 1388 876 ”
1453 849 1492 915 ὁ
1541 848 1612 916 ὅὲ
1665 849 2099 939 ἅνταπεκρίθη
2166 851 2346 937 αὐτῷ
2401 851 2493 919 ὅτι
2545 854 2702 947 “οὔχ

166 1013 169 1014 ⁷
434 951 530 1025 ὥς
575 953 749 1020 οὕτω
795 958 1065 1041 φρονῶν
1110 951 1290 1019 εἷπον
1332 958 1541 1039 τοῦτο,
1589 951 1746 1020 ἀλλὰ
1783 956 2020 1043 μαθεῖν
2062 953 2311 1022 ἐθέλων
2341 956 2702 1045 ἠρώτησα.”
2715 969 2748 1028 ὅ

14 1060 97 1120 W
117 1055 308 1120 11190
343 1060 415 1118 13
433 1058 501 1131 ἐς
544 1064 850 1125 τοσοῦτον
896 1054 955 1125 δ’
1005 1059 1319 1151 ἐξηνέχθη
1367 1059 1727 1154 θεομαχίας
1772 1058 1869 1132 ὡς
1913 1058 2022 1125 καὶ
2066 1059 2142 1125 τὰ
2189 1062 2320 1126 τῶν
2361 1060 2560 1146 ἁγίων
2589 1063 2699 1131 λεί-

235 1181 239 1186 ·
431 1186 611 1249 ψανα
675 1162 1102 1250 παραὸιόόναι
1165 1161 1321 1247 πυρὶ
1384 1163 1496 1230 καὶ
1548 1163 1621 1230 τὸ
1683 1165 1863 1251 ἅγιος
1918 1164 2209 1231 κελεῦσαι
2251 1164 2413 1251 μήτε
2459 1164 2558 1232 ἐπὶ
2600 1176 2702 1257 τῆς

430 1266 751 1334 θεοτόκου
814 1266 1111 1354 λέγεσθαι
1171 1268 1334 1355 μήτε
1394 1267 1529 1357 μὴν
1593 1268 1699 1335 ἐπί
1748 1292 1915 1348 τινος
1967 1272 2100 1336 τῶν
2153 1269 2701 1358 νεἰ’)αριε·στησάντων

365 1375 412 1438 0
431 1373 595 1460 θεῷ,
643 1367 777 1440 ἀλλ’
813 1372 851 1439 ὁ
883 1371 1238 1446 ἀπόστολος
1268 1372 1523 1458 Πέτρος
1557 1374 1667 1440 καὶ
1701 1372 1966 1447 Παῦλος
1996 1373 2195 1461 λέγειν
2230 1373 2339 1441 καὶ
2385 1374 2430 1441 ὁ
2467 1376 2702 1464 μάρτυς

345 1475 760 1565 1411εώργιος
806 1477 845 1566 ἢ
895 1477 939 1544 ὁ.
967 1475 1319 1564 Θεόόωρος
1363 1477 1474 1546 καὶ
1520 1478 1620 1546 ἐπὶ
1665 1484 1802 1548 τῶν
1841 1478 2089 1547 λοιπῶν
2130 1479 2392 1568 ὁμοίως.
2485 1487 2593 1570 τῆς
2638 1483 2701 1552 d&
2718 1491 2777 1551 10

429 1586 561 1650 τῶν
607 1583 884 1671 ἀνιέρων
939 1584 1292 1672 ἀρχιερέων
1347 1592 1749 1673 συναγωγῆς,
1810 1586 1954 1672 περὶ
2001 1583 2079 1673 ἦς
2124 1585 2249 1674 ἤδη
2296 1609 2409 1674 μοι
2455 1588 2698 1678 εἴρηται,

431 1696 655 1777 γραφῇ·
707 1688 782 1756 τά
837 1684 992 1776 παρ’
1051 1690 1267 1756 αὐτῶν
1324 1690 1579 1777 ἀσεβῶς
1635 1691 2135 1778 ὁογματισθέντα
2200 1691 2700 1782 παραὸιόόντων,

429 1793 631 1881 τόμον
675 1794 1019 1863 συνοόικόν
1064 1795 1223 1863 αὐτὰ
1271 1796 1548 1870 καλέσας
1594 1796 1632 1862 ὁ
1680 1790 2094 1884 ἀσεβέστατος
2140 1797 2359 1884 ἀπῄτει
2406 1798 2703 1886 ἀρχιερεῖς

426 1925 494 1969 ,τε
546 1901 789 1975 πάντας
844 1901 953 1968 καὶ
1016 1907 1148 1968 τῶν
1209 1902 1633 1989 μοναζόντων
1694 1901 1844 1977 τοὺς
1910 1903 2291 1990 διαβοήτους
2356 1903 2455 1970 ἐπ’
2521 1904 2702 1993 ἀρετῇ

342 2017 411 2076 15
429 2011 623 2072 ταῦτα
671 2006 1237 2094 ὗποσημήνασθαι.
1331 2007 1389 2073 εἰ
1431 2007 1555 2095 γὰρ
1585 2006 1695 2075 καὶ
1729 2007 2018 2095 διωγμὸν
2048 2007 2211 2074 κατὰ
2242 2013 2373 2075 τῶν
2401 2014 2702 2095 μοναχῶν
2719 2013 2775 2072 15

427 2112 788 2199 βαρύτατον
834 2113 1040 2199 ἔθετο,
1088 2113 1184 2187 ὡς
1226 2114 1320 2200 μή
1368 2138 1504 2196 τινα
1551 2113 1781 2201 σχεδὸν
1823 2114 1891 2193 ἐν
1921 2120 1997 2200 τῇ
2027 2112 2206 2180 πόλει
2233 2113 2701 2200 περιλειφθῆναι

429 2219 470 2304 ἢ
518 2218 680 2291 τέως
737 2218 1134 2304 δημοσιεύειν
1186 2219 1398 2305 μονάζ
1400 2243 1572 2304 οντα,
1603 2297 1607 2302 Δ
1640 2214 1775 2285 ἀλλ’
1824 2220 1911 2284 ἔτι
1956 2217 2122 2306 ἦσαν
2165 2217 2388 2284 πολλοὶ
2433 2218 2699 2305 κρυπτό-

427 2346 612 2408 μενοι
664 2322 786 2412 καὶ,
830 2324 1031 2409 ἕτεροι
1083 2330 1194 2411 τῆς
1247 2323 1504 2398 πόλεως
1559 2323 1742 2397 ἐκτὸς
1797 2324 2213 2412 πεποιημένοι
2264 2322 2379 2409 τὴν
2425 2323 2699 2410 ἄσκησιν.

537 2587 574 2646 4
612 2589 982 2661 κατακρίνεται
1022 2586 1079 2645 D
1190 2587 1225 2646 5
1264 2592 1402 2662 post
1441 2587 1518 2652 ὥς
1556 2587 1696 2645 add.
1736 2584 1844 2662 ἐγὼ
1883 2587 2032 2662 Ewp
2155 2587 2329 2652 οὕτως
2367 2585 2424 2644 D
2540 2587 2575 2645 '¹1
2607 2609 2697 2647 πα·

537 2662 790 2733 ραὸοῦναι
832 2661 888 2718 D
1035 2661 1071 2719 9
1107 2662 1142 2719 ό
1176 2665 1321 2720 ante
1357 2662 1565 2735 μάρτυς
1596 2661 1712 2719 del.
1739 2662 2042 2720 immerito
2081 2677 2179 2736 wp
2329 2661 2401 2718 10
2497 2662 2530 2716 ὁ
2566 2662 2695 2731 (om.

539 2732 800 2809 EwpDi)
838 2735 1119 2809 θεόδωρος
1157 2733 1281 2807 ΑΕ,
1319 2735 1413 2793 καὶ
1450 2736 1732 2806 θεόδωρος
1771 2734 1821 2793 Ο
2043 2735 2110 2793 11
2149 2732 2376 2810 εἴρηται]
2474 2733 2526 2793 V
2562 2734 2612 2804 6,
2647 2734 2693 2806 8,

538 2809 807 2882 ἱστόρηται
848 2807 896 2865 Β
1110 2808 1179 2866 12
1214 2808 1310 2867 ἅσε
1350 2817 1426 2873 ῶς
1459 2819 1581 2868 om.
1621 2810 1671 2866 E
1875 2810 2232 2883 παραδόντων
2269 2808 2437 2883 Ewp,
2472 2807 2694 2880 παραλα-

528 2883 749 2958 βόντων
771 2881 843 2957 D,
879 2883 1279 2957 παραλαβόντων
1326 2884 1352 2941 ζ
1500 2884 1570 2942 13
1606 2882 1978 2958 εὐσεβέστατος
2003 2882 2077 2957 D,
2117 2899 2275 2943 corr.
2295 2880 2402 2947 Dw
2551 2880 2616 2939 14
2649 2901 2698 2939 u
2730 2887 2741 2902 ⁶

540 2972 656 3017 om.
695 2955 744 3015 B
889 2958 1244 3033 περιβοήτους
1284 2957 1432 3035 Ewp
1603 2957 1670 3017 15
1705 2959 2051 3032 μοναζόντων
2089 2955 2139 3015 Ο
2310 2956 2378 3015 16
2414 2956 2697 3031 σφοδρότα-

538 3052 629 3090 τον
667 3029 717 3091 Ο
925 3041 987 3128 τῇ
1027 3049 1143 3093 oni.
1187 3031 1231 3092 B
1432 3033 1834 3109 περιληφθῆναι
1876 3033 2010 3107 (sic)
2047 3029 2119 3105 A,
2160 3047 2218 3092 v.
2258 3030 2339 3091 ad
2380 3047 2436 3107 p.
2475 3030 2597 3103 204,
2636 3028 2695 3088 11

540 3106 608 3166 17
644 3104 1093 3194 πολλοὶὲΑΕῐνρ,
1132 3108 1190 3166 οἱ
1221 3109 1362 3177 (om.
1402 3106 1531 3177 DC)
1568 3109 1781 3173 πλείους
1819 3106 1869 3166 Ο
2013 3149 2017 3154 -

424 3357 627 3417 ”alias
664 3373 826 3417 neve
864 3356 1035 3434 apud
1083 3358 1272 3418 alium
1333 3357 1499 3418 istud
1537 3359 1881 3435 protuleris,
1941 3375 1977 3417 ο
2018 3374 2147 3418 rex.
2222 3355 2488 3418 Nestorii
2545 3356 2697 3416 enim

335 3432 404 3491 11
426 3438 520 3492 est
557 3433 879 3491 sententia.
927 3432 1053 3490 ‘An
1092 3435 1365 3506 ignoras,
1417 3435 1938 3508 quemadmodum
1976 3433 2077 3491 ille
2115 3433 2195 3490 ab
2236 3434 2399 3490 omni
2438 3430 2698 3488 fidelium

336 3507 408 3565 12
427 3507 688 3566 ecelesia
725 3508 804 3564 sit
841 3508 1223 3582 proscriptus
1263 3513 1323 3566 et
1363 3508 1757 3566 anathemate
1805 3505 2144 3566 notatus?”
2191 3505 2350 3563 Tum
2388 3505 2487 3563 ille
2523 3503 2698 3561 “Non

427 3580 594 3654 quod
635 3582 721 3637 ita
759 3579 1006 3638 sentio”
1062 3582 1262 3654 inquit
1298 3581 1466 3639 “hoe
1506 3582 1653 3652 dixi,
1692 3582 1801 3638 sed
1842 3580 2257 3654 cognoscendi
2299 3594 2490 3636 causa
2528 3578 2698 3655 inter·

335 3654 407 3713 13
427 3653 708 3727 rogavi.”
780 3654 853 3712 Et
884 3654 964 3712 ad
984 3659 1219 3711 tantam
1241 3655 1616 3728 impietatem
1639 3656 1732 3713 'est
1753 3669 2137 3729 progressuri,
2176 3658 2248 3711 ut
2267 3654 2452 3710 etiam
2473 3655 2699 3709 sancto·

425 3743 560 3785 rum
602 3728 893 3800 reliquias
931 3728 1061 3801 igni
1101 3727 1376 3786 traderet
1413 3735 1475 3787 et
1513 3731 1710 3786 saneti
1750 3731 1990 3786 titulum
2032 3742 2237 3799 neque
2276 3726 2568 3799 deiparae
2604 3737 2698 3779 ne·

427 3816 548 3874 que
589 3802 879 3874 cuiquam
930 3817 1162 3872 eorum,
1223 3803 1328 3874 qui
1368 3802 1485 3858 deo
1526 3802 1833 3875 placuere,
1894 3801 2080 3858 tribui
2124 3801 2381 3868 iuberet,
2439 3797 2546 3855 sed
2586 3794 2697 3851 diei

425 3873 611 3931 vellet
649 3874 966 3946 apostolus
990 3873 1211 3931 Petrus
1250 3883 1311 3931 et
1330 3874 1578 3945 Paulus,
1617 3880 1854 3948 martyr
1874 3873 2181 3946 Georgius
2221 3872 2323 3930 vel
2343 3870 2697 3928 Theodorus

177 3975 183 3982 ·
261 3998 265 4002 .
334 3946 407 4004 14
426 3951 488 4004 et
525 3948 612 4003 sie
649 3948 714 4003 in
754 3947 990 4005 ceteris.
1069 3947 1220 4005 Cum
1260 3954 1466 4005 autem
1507 3947 1833 4021 impierum
1873 3948 2302 4020 episcoporum
2345 3950 2696 4011 conventus,

427 4019 504 4077 de
560 4035 684 4093 quo
736 4021 857 4077 iam
898 4024 1044 4078 ante
1092 4036 1277 4078 ame
1331 4020 1562 4079 dietum
1616 4027 1723 4092 est,
1781 4023 1969 4096 impia
2026 4037 2139 4078 sua
2180 4019 2430 4077 decreta
2493 4015 2697 4073 litteris

425 4093 800 4164 mandasset,
839 4094 901 4151 id
941 4094 1236 4168 scriptum
1280 4099 1512 4152 tomum
1533 4095 1899 4168 synodicum
1942 4095 2124 4152 homo
2151 4093 2387 4165 impius
2408 4085 2696 4164 appellari

426 4165 622 4223 voluit
661 4172 724 4224 et
762 4166 1114 4239 postulavit,
1156 4170 1227 4223 ut
1266 4169 1321 4224 ei
1349 4168 1846 4226 subscriberetur
1884 4169 1964 4225 ab
2006 4162 2696 4247 omnibuspontitieibus

335 4239 406 4297 15
426 4245 487 4296 et
525 4240 841 4295 monachis
881 4242 1111 4297 vlrtute
1150 4239 1508 4298 illustribus.
1586 4241 1752 4308 Quos
1792 4240 2127 4298 monachos
2164 4239 2277 4295 etsi
2305 4238 2697 4294 vehementis-

425 4311 575 4368 sime
615 4318 976 4384 persecutus
1030 4317 1179 4383 erat,
1239 4314 1397 4370 adeo
1437 4320 1507 4371 ut
1546 4314 1676 4373 sere
1717 4313 1939 4384 nullus,
1998 4315 2103 4385 qui
2144 4309 2390 4384 quidem
2433 4307 2697 4382 prodiret

424 4385 488 4440 in
529 4384 839 4457 publicum
899 4387 960 4442 in
1001 4386 1159 4442 urbe
1198 4392 1362 4443 esset
1390 4387 1681 4460 reliquus,
1722 4392 1926 4445 tamen
1967 4388 2177 4460 piures
2216 4385 2401 4440 etiam
2438 4388 2568 4438 tum
2608 4391 2711 4434 οε·-

206 4508 211 4514 .
335 4457 405 4520 16
426 4457 589 4515 culte
627 4456 798 4535 cpoli
840 4427 1204 4517 habitabant
1243 4465 1303 4517 et
1343 4458 1443 4517 'alii
1485 4465 1664 4518 extra
1703 4461 1918 4518 urbem
1969 4460 2159 4517 vitam
2199 4457 2491 4530 agebant.
2568 4448 2698 4519 Qui·

1636 4627 2635 4946 ι
