2870 4966
1156 275 1485 336 Praefatio.
2158 292 2170 306 ·
2219 251 2224 257 ’
2328 276 2438 341 XV
2489 254 2493 261 ‚
2541 362 2556 375 ·

191 460 409 529 labore
440 457 699 529 assiduo
731 458 1091 547 defatigato
1122 481 1351 549 parum
1382 466 1686 530 accurate
1712 460 1911 531 verba
1933 459 2264 551 scriptoris
2293 481 2436 550 pas-

193 569 309 637 sim
335 573 603 637 exarata
625 570 797 651 sunt)
832 567 1084 636 scribae
1116 568 1308 657 culpa
1337 566 1767 644 adulteratum
1800 588 1942 639 esse
1973 575 2269 659 apparet,
2302 570 2431 656 qui·

192 679 308 746 bus
340 676 499 744 loeis
529 697 611 744 ne
642 677 774 744 ulla
804 675 1063 762 quidem
1095 676 1275 744 labes
1307 677 1486 746 libris
1517 677 1981 747 recentioribus
2019 678 2104 748 sit
2150 698 2436 767 aspersa,

194 793 406 854 tamen
451 805 569 854 nos
615 785 875 871 quidem
925 784 1139 853 faeere
1184 806 1312 853 non
1357 806 1713 874 possumus,
1786 787 1940 873 quin
1986 784 2069 855 de
2114 785 2435 855 zonarae

138 948 143 955 .
194 893 595 965 elocutione
620 913 878 982 prorsus
902 894 1092 963 aliter
1122 893 1476 964 iudicemus
1507 915 1586 964 ac
1619 893 2008 982 Dindorfius,
2042 895 2174 982 qui,
2218 914 2436 982 quam-

193 1005 286 1073 vis
319 1001 636 1071 concedat
674 1002 851 1093 „eius
883 1003 1235 1072 orationem
1283 1003 1500 1073 multis
1546 1004 1712 1091 aevi,
1761 1023 1889 1091 quo
1925 1003 2212 1090 vivebat,
2261 1005 2435 1074 vitiis

193 1110 328 1201 [sic]
390 1130 532 1179 esse
590 1108 1034 1199 depravatam,
1102 1118 1319 1181 tamen
1365 1132 1577 1202 pauca
1628 1120 1848 1182 censet
1894 1111 1977 1181 de
2025 1112 2150 1181 hoc
2194 1133 2451 1205 genere

192 1239 328 1287 esse
377 1219 684 1306 tollenda,
733 1239 899 1305 quae
946 1240 1026 1288 ne
1072 1220 1165 1288 illi
1213 1219 1473 1306 quidem
1519 1221 1764 1308 possint
1811 1220 2025 1308 tribui,
2087 1219 2262 1289 velut
2307 1223 2432 1288 ἔσε-

190 1354 281 1395 ται
313 1347 429 1415 pro
461 1330 647 1413 ἔσται,
700 1376 714 1396 .
744 1375 760 1395 .
789 1376 804 1396 .
835 1329 1323 1416 βουληθήσομαι
1356 1350 1472 1416 pro
1503 1329 1897 1416 βουλήσομαι
1943 1326 2109 1396 eet.“
2206 1327 2434 1410 Quom·
2522 1369 2530 1380 ·

193 1435 533 1506 admodum
606 1437 773 1504 enim
847 1444 1099 1505 constat
1188 1439 1470 1524 genuina
1551 1439 1768 1520 verba.
1807 1436 2083 1525 Polybii,
2168 1443 2238 1505 ut
2310 1436 2434 1505 hoc

193 1545 480 1633 exemplo
512 1545 743 1613 iterum
776 1552 941 1629 utar,
991 1547 1239 1614 restitui
1285 1567 1413 1613 non
1461 1566 1649 1633 posse
1697 1545 1818 1612 nisi
1865 1564 1945 1612 ex
1992 1545 2131 1632 ipso
2169 1544 2433 1631 scripto-

193 1655 275 1723 ris
305 1673 443 1739 usu,
493 1655 832 1741 repudiata
876 1675 1100 1732 norma
1146 1655 1255 1722 illa
1303 1653 1700 1740 quorundam
1747 1655 2024 1722 virorum
2072 1652 2429 1737 doctorum,

195 1762 273 1830 ad
321 1782 508 1846 quam
565 1762 779 1830 omnia
839 1761 1116 1848 dirigere
1177 1761 1439 1830 student
1463 1765 1507 1848 ¹,
1578 1761 1672 1829 ita
1719 1762 2034 1829 Zonaram
2090 1759 2432 1828 emendare

196 1893 310 1938 non
358 1891 712 1957 possumuS,
761 1872 881 1938 nisi
930 1872 1188 1958 optimis
1236 1870 1534 1939 codicum
1581 1869 1963 1938 testimoniis
2010 1870 2262 1938 collatis
2295 1889 2431 1957 per·

198 1987 475 2066 spectum
522 1979 832 2047 habemus
865 1980 1291 2067 Byzantinum
1340 1981 1518 2046 illum
1565 1979 1943 2066 scriptorem
1990 1984 2169 2045 tanto
2216 1976 2428 2044 studio

196 2087 461 2172 flagrare
508 2086 824 2173 variandi,
871 2094 942 2154 ut
976 2087 1255 2154 omnium
1289 2088 1423 2154 fere
1456 2088 1855 2155 saeculorum
1874 2106 2128 2171 genera
2174 2085 2434 2152 confun-

198 2194 303 2262 dat
332 2200 668 2279 certasque
703 2194 963 2263 dicendi
996 2195 1175 2282 leges
1218 2195 1539 2263 rarissime
1581 2201 1902 2280 sequatur,
1951 2193 2242 2279 quamvis
2273 2194 2432 2260 artis

201 2301 517 2370 cuiusdam
550 2303 871 2371 oratoriae
921 2307 1008 2387 (v.
1045 2302 1177 2370 ind.
1228 2304 1712 2370 annotationum
1759 2323 1808 2369 s.
1844 2324 1906 2370 v.
1947 2300 2429 2386 ‘annominatio,

203 2408 526 2496 ebiasmuS,
575 2410 935 2498 repetitio')
980 2432 1108 2477 non
1154 2410 1239 2478 sit
1286 2430 1536 2498 expers.
1630 2410 1771 2477 Etsi
1819 2409 2015 2496 igitur
2060 2429 2096 2476 e
2135 2404 2449 2475 codieum'

201 2518 568 2604 optimorum
616 2540 929 2589 consensu
977 2520 1331 2588 luculenter
1378 2527 1651 2607 apparet
1697 2556 1784 2567 -
1831 2519 2026 2586 liceat
2070 2517 2227 2585 mihi
2276 2516 2336 2584 h.
2386 2516 2429 2585 l.

84 2694 90 2702 ,
197 2627 485 2696 nonnulla
510 2628 741 2697 afferre
766 2629 1084 2717 exempla,
1134 2649 1275 2696 cum
1301 2629 1620 2716 permulta
1644 2627 1727 2695 de
1752 2629 2041 2695 Zonarae
2068 2625 2430 2695 elocutione

198 2735 258 2801 in
301 2738 714 2806 annotatione
762 2738 989 2806 critica
1035 2737 1572 2825 explicaverimus
1594 2738 1620 2779 ²
1653 2774 1742 2784 —
1775 2738 2091 2804 Zonaram
2136 2736 2202 2802 in
2248 2733 2431 2802 adhi-

365 2917 387 2956 1
425 2917 680 2976 Carolus
706 2919 1146 2985 Krumbacher,
1185 2920 1278 2974 vir
1317 2919 1394 2975 de
1431 2919 1616 2974 rebus
1655 2917 2008 2989 Byzantinis
2045 2909 2276 2971 sumne
2313 2930 2430 2970 me·

196 3006 356 3075 1ituS,
392 3010 601 3066 scribit
639 3008 930 3077 (Studien
968 3026 1016 3065 z.
1057 3010 1115 3066 (Ζ.
1154 3010 1299 3082 Leq.
1339 3009 1397 3065 (Ζ.
1437 3006 1572 3064 heil.
1608 3007 1893 3064 TheodoS.
1931 3004 2348 3077 Sitzunysber.
2369 3006 2426 3062 d.

189 3096 735 3172 philos.·1›hilol.u.
776 3098 988 3158 histor.
1032 3101 1236 3158 Classe
1275 3100 1334 3156 (Ζ.
1380 3101 1434 3156 k.
1476 3100 1681 3173 bayer.
1721 3096 1915 3154 Alma.
1955 3097 2013 3154 (Ζ.
2063 3093 2239 3153 Wiss.
2278 3095 2431 3153 1893

197 3203 249 3260 p.
285 3189 409 3261 265)
449 3185 626 3252 haee.
701 3191 931 3250 'Sc-hon
970 3189 1065 3250 bei
1102 3193 1136 3248 Ι
1140 3187 1389 3265 'olaesbios
1426 3188 1509 3247 ist
1553 3205 1700 3247 πιαη
1737 3190 1887 3245 iiber
1921 3188 2173 3246 ortanche
2215 3187 2314 3243 151ae
2292 3201 2430 3260 Jen
2512 3197 2519 3205 ·

197 3277 308 3335 neit
332 3298 550 3340 ausser
575 3281 705 3341 sich
729 3286 980 3357 yet-acen
1005 3282 1137 3340 und
1162 3283 1267 3339 ΙιαΖ
1295 3282 1489 3339 durch
1519 3280 1924 3354 ausqedelmle
1945 3273 2430 3337 ΖωιιωιιΖαΖίοιιοπ

199 3368 350 3427 aeine
386 3373 658 3445 Spraehe
696 3375 823 3449 ‹1ch
851 3376 968 3433 das
1000 3373 1239 3432 Niveau
1277 3374 1388 3430 der
1414 3361 1944 3445 Normc'aelyrclcitlit
1980 3387 2054 3427 zu
2092 3369 2428 3427 schruuben

201 3465 446 3531 semem.
524 3464 1086 3525 Glilclclichcrweise
1125 3464 1208 3522 ist
1242 3462 1341 3522 die
1368 3461 1800 3537 Haltlosiylceit
1825 3462 1931 3520 cles
1967 3458 2430 3519 mechanischen

212 3551 582 3628 Versum-ens,
641 3558 838 3616 durch·
894 3559 1142 3615 welches
1198 3556 1372 3615 Cobet
1426 3555 1560 3613 used
1617 3555 1844 3612 andere
1895 3551 2236 3610 IIolllimler
2291 3552 2428 3609 dem

204 3646 344 3703 nach
388 3645 557 3706 ihrer
594 3647 849 3708 Ansieht
897 3649 1183 3708 bodenlos
1230 3648 1642 3706 verdorbenen
1690 3647 1864 3704 Teaete
1910 3643 2230 3719 auflrelfen
2268 3643 2428 3702 woll-

200 3735 305 3807 ten,
342 3741 585 3799 als-bald
622 3743 819 3801 durch
854 3739 954 3801 die
980 3741 1384 3814 Entdeekaemy
1411 3740 1519 3798 (les
1545 3736 2026 3811 Iliatusyesetzea
2062 3734 2195 3793 und
2231 3733 2427 3792 durch

199 3824 292 3884 ein
326 3848 658 3903 ‚qeuaueres
683 3833 976 3893 Studium
1003 3835 1114 3891 cler
1137 3831 1627 3905 Ilandsehriften
1665 3847 1733 3887 κο
1771 3828 2102 3902 schlayend
2140 3824 2427 3884 erwiesen

197 3923 450 3993 worden,
491 3925 640 3983 dass
679 3923 811 3982 eine
840 3924 1230 3983 Wiederlcehr
1267 3921 1469 3980 dieser
1505 3918 2224 3979 Emendat-ionsmethoae
2261 3915 2429 3976 nicht

196 4012 358 4066 mehr
393 4030 468 4071 zu
504 4017 858 4088 besue-chien
895 4014 1019 4073 ἐπ’.
1106 4014 1388 4073 Ceterum
1441 4014 1654 4089 quanti
1702 4011 1985 4068 (lucenda
2034 4011 2151 4066 sint
2188 4008 2428 4081 Polybii

197 4099 405 4159 editori
453 4107 915 4180 inscriptionum
965 4113 1026 4163 et
1064 4123 1228 4179 papy
1233 4121 1439 4163 rorum
1482 4104 1826 4161 testimonia
1862 4101 2012 4173 Poly
2018 4101 2100 4156 bii
2149 4100 2428 4172 tempori-

196 4186 304 4245 bus
341 4198 808 4268 eompositorum
846 4203 1102 4264 constat,
1141 4199 1252 4254 etsi
1291 4213 1402 4254 nos
1442 4196 1623 4269 plane
1662 4194 2018 4250 confitemur
2053 4206 2217 4248 nunc
2241 4191 2315 4247 iis
2340 4189 2425 4246 ni-

195 4281 367 4339 miam
406 4288 658 4344 concedi
695 4291 1141 4346 auctoritatem.

364 4371 390 4413 ²
423 4375 504 4434 Ut
543 4380 760 4452 omnia,
802 4395 963 4452 quae
1003 4379 1081 4437 de
1118 4393 1348 4451 genere
1375 4376 1618 4434 dicendi
1644 4375 1917 4437 Zonareo
1944 4293 2428 4502 in·annotatione
