2870 4966
403 287 506 345 102
976 283 1251 346 zoNAR.
1289 286 1491 346 ΕΡΙΤ.
1528 286 1674 346 xm
1713 287 1800 357 22,
1840 284 2068 344 14-80.

42 472 113 529 P
137 473 200 530 11
218 472 294 529 41
324 470 382 529 A
401 471 658 537 σιλικῶν
709 470 1041 556 εὐνούχων
1093 470 1379 556 ύπῆρχεν
1434 471 1475 537 δ
1519 470 1846 554 κράτιστος
1901 468 2009 535 καὶ
2069 468 2272 535 πάντα
2337 469 2652 538 συνεκύκα

312 575 384 632 15
402 573 826 659 δυναστεύων,
891 574 971 639 ού
1023 573 1627 658 παραδυναστεύων,
1678 572 2202 648 ’ἀποσκευάζεται.
2293 571 2402 639 καὶ
2450 574 2655 648 οὕτως

399 677 783 762 παραλύεται
827 678 867 744 δ
902 676 1218 762 Ἀντίοχος
1262 684 1374 763 τῆς
1416 682 1530 742 τοῦ
1575 676 1989 760 πραιποσίτου
2042 680 2241 760 τιμῆς,
2306 674 2654 759 ἀφαιρεῖται

312 782 383 840 16
402 779 473 846 δὲ
518 779 627 846 καὶ
669 784 881 846 πᾶσαν
925 786 1036 865 τῆν
1081 781 1374 864 ὕπαρξιν·
1423 777 1615 851 αὐτὸς
1662 778 1732 844 δὲ
1776 779 2041 862 κείρεται
2086 777 2388 864 κληρικὸς
2432 779 2519 850 εἰς
2548 779 2655 845 τὸν

401 884 470 948 ἔν
512 880 885 969 Χαλκηδόνι
929 881 1086 955 ναὸν
1137 890 1247 969 τῆς
1299 883 1727 969 πανευφήμου
1779 882 2105 966 μάρτυρος
2149 879 2495 967 Εὔφημίας
2549 883 2654 948 καὶ
2671 888 2705 946 ὅ

402 986 666 1072 θνήσκει
709 981 845 1071 μετ’
894 986 972 1052 οὔ
1017 985 1203 1052 πολύ.

312 1089 383 1149 17
574 1086 668 1152 ‘II
713 1087 784 1154 δὲ
835 1087 1075 1174 βασιλὶς
1127 1085 1416 1162 Εῦδοκία
1471 1086 1899 1174 μετακαλεῖται
1963 1085 2108 1159 τοὺς
2172 1085 2489 1173 ἀδελφοὺς
2549 1089 2655 1155 καὶ

401 1190 604 1277 μηδὲν
667 1191 880 1263 αὐτοῖς
939 1191 1275 1277 μηνίσασα,
1340 1188 1496 1257 ἀλλὰ
1561 1190 1819 1277 χάριτας
1879 1188 2120 1276 μᾶλλον
2179 1189 2652 1278 ’δμολογήσασῳ

314 1296 386 1353 18
404 1294 499 1369 ὡς
553 1293 676 1360 οὐκ
721 1295 801 1360 ἂν
846 1298 1123 1379 τυχοῦσα
1169 1299 1280 1380 τῆς
1322 1283 1656 1379 βασιλείας,
1702 1293 1761 1359 εἶ
1797 1292 1889 1380 μὴ
1937 1290 2090 1379 παρ’
2138 1293 2353 1360 αὐτῶν
2398 1294 2652 1382 ἐξώσθη

314 1398 386 1456 19
403 1394 511 1462 καὶ
558 1394 660 1462 διὰ
705 1401 891 1462 τοῦτο
936 1397 1024 1469 εἰς
1066 1395 1180 1482 τὴν
1226 1389 1889 1463 Κωνσταντινούπολιν
1940 1395 2313 1481 πεπόρευτο,
2377 1396 2486 1462 τὸν
2539 1397 2656 1483 μὲν
2677 1401 2737 1459 10

335 1500 385 1558 Β
405 1498 697 1566 Γενέσιον
760 1500 1042 1594 ἔπαρχον
1097 1504 1227 1565 τῶν
1283 1498 1595 1589 Ἱλλυριῶν
1649 1496 1750 1564 διὰ
1806 1504 1920 1564 τοῦ
1971 1499 2284 1584 βασιλέως
2333 1501 2655 1588 πεποίηκε,

405 1599 514 1668 τὸν
560 1602 633 1668 δὲ
686 1601 1070 1687 Οὐαλλέριον
1117 1602 1364 1693 ἐτίμησε
1407 1602 1765 1688 μάγιστρον.

313 1707 390 1765 20
580 1703 664 1772 ‘O
712 1706 923 1791 μέντοι
978 1696 1371 1791 πατριάρχης
1411 1704 1693 1778 Ἀττικὸς
1748 1703 2052 1792 Ἰουδαῒόν
2106 1705 2239 1771 τινα
2301 1706 2659 1790 παράλυτον

407 1809 494 1881 εἰς
540 1808 873 1893 ἐπίγνωσιν
916 1814 1028 1873 τοῦ
1059 1807 1341 1892 Χριστοῦ
1389 1808 1492 1874 διὰ
1537 1809 1973 1893 παραινέσεων
2017 1808 2280 1893 ἀγαγὼν
2323 1815 2435 1875 τοῦ
2481 1810 2658 1876 θείου

406 1911 677 1996 λουτροῦ
740 1912 1091 1996 κατηξίωσε
1154 1910 1262 1976 καὶ
1324 1911 1470 1997 ὑγιῆ
1532 1912 1605 1977 ἐκ
1659 1918 1769 1997 τῆς
1824 1910 2290 1997 κολυμβήθρας
2344 1913 2724 1997 ἐξήγαγεν.1)
2746 1923 2858 1980 11111

316 2017 386 2074 21
408 2012 595 2087 οὗτος
635 2014 743 2080 καὶ
772 2013 844 2079 τὸ
873 2020 986 2080 τοῦ
1018 2015 1192 2098 ἱεροῦ
1223 2012 1693 2098 Χρυσοστόμου
1740 2015 1948 2098 ὄνομα
1996 2015 2063 2079 ἐν
2107 2020 2235 2087 τοῖς
2279 2021 2390 2100 τῆς
2435 2016 2657 2101 έκκλη·
2791 2029 2795 2033 “

317 2119 391 2177 22
409 2118 546 2190 σίας
592 2117 911 2202 διπτύχοις
956 2118 1288 2201 ἐνέγραψε,
1333 2117 1425 2202 μὴ
1473 2116 1783 2202 πρότερον
1829 2117 2169 2203 έγγραφέν·
2207 2115 2661 2204 Ὠριγενιαστὴς

410 2219 531 2305 γὰρ
578 2221 617 2286 δ
662 2220 1103 2306 εὐσεβέστατος
1146 2221 1382 2292 ἐκεῖνος
1425 2219 1635 2305 πατὴρ
1681 2220 1789 2285 καὶ
1834 2221 2112 2286 ἐκαλεῖτο
2168 2220 2276 2286 καὶ
2331 2221 2660 2305 ἐνομίζετο.

317 2327 390 2384 23
406 2323 719 2396 θανόντος
766 2323 836 2388 δὲ
872 2322 1172 2407 Ἀττικοῦ,
1230 2325 1303 2396 ὃς
1348 2325 1581 2388 εἴκοσιν
1625 2324 1728 2409 ἔτη
1774 2330 1888 2388 τοῦ
1932 2328 2063 2389 τῶν
2105 2328 2344 2390 πιστῶν
2391 2325 2659 2409 προέστη

408 2539 444 2595 7
479 2536 602 2607 ,τι-ρι’
637 2543 746 2592 τῶν
783 2544 874 2608 τῆς
908 2536 1178 2609 βασιλίδος
1213 2536 1470 2608 ἀδελφῶν
1509 2536 1606 2595 ΟΕ
1754 2537 1822 2594 13
1855 2537 1977 2610 περὶ
2014 2545 2108 2594 τοῦ
2145 2538 2221 2608 εἰς
2253 2536 2342 2594 τδν
2364 2539 2661 2608 παράλυτοι·

403 2608 666 2665 Ἰουδαῖον
703 2609 980 2678 θαύματος
1015 2607 1170 2665 ΑΟΕ
1293 2651 1298 2657 .

520 2806 556 2863 2
589 2805 735 2877 παρὰ
772 2807 1112 2865 δυναστεύων
1151 2807 1224 2878 D,
1264 2824 1418 2866 corr.
1459 2807 1564 2869 Dw
1826 2809 1968 2866 οὕτω
2008 2808 2072 2880 Ε,
2113 2825 2171 2866 v.
2207 2809 2286 2865 ad
2325 2807 2468 2865 XIII
2507 2807 2558 2877 6,
2598 2806 2661 2864 1ss

522 2877 592 2936 10
628 2881 1020 2936 κωνσταντίνου
1048 2881 1268 2937 01111330
1293 2882 1449 2937 πόλιν
1489 2879 1635 2939 ΒΟΕ
1784 2881 1852 2938 12
1888 2877 2168 2951 ούαλέριον
2204 2877 2464 2954 prDi‚
2504 2896 2559 2935 v.
2587 2878 2662 2935 nd

518 2950 661 3008 XIII
675 2951 763 3021 22,
777 2951 810 3007 7
959 2952 1026 3009 14
1045 2953 1404 3022 παραινέσεως
1423 2952 1522 3010 BC
1671 2951 1737 3009 17
1755 2952 2047 3026 δνέγραψεν
2058 2953 2230 3025 pr,
2252 2968 2308 3009 V.
2323 2952 2402 3008 ad
2415 2950 2556 3008 XIII
2575 2952 2617 3018 l,
2631 2951 2662 3006 5

520 3021 895 3153 ἕὸἔιγενιὸστὴς
933 3023 979 3083 C
1141 3025 1209 3082 18
1244 3025 1337 3082 καὶ
1378 3025 1548 3099 prius
1587 3038 1702 3081 0111.
1743 3022 1896 3098 pr
2059 3024 2128 3083 19
2161 3024 2558 3098 προεστήματος
2594 3021 2662 3094 D,

549 3135 555 3142 -
597 3111 675 3153 rr.
777 3123 821 3157 w

457 3303 896 3362 otentissimum
944 3310 1004 3363 et
1055 3305 1258 3363 omnia
1298 3306 1762 3378 permiscentem
1810 3310 1879 3363 ut
1924 3306 2373 3378 Imperatorem,
2432 3320 2553 3362 nou
2600 3308 2665 3360 ut

325 3372 393 3432 15
436 3378 797 3449 inperatoris
847 3379 1206 3449 ministrum,
1259 3378 1442 3450 toliit3
1499 3394 1639 3436 nam
1696 3385 1758 3436 et
1807 3379 2064 3436 solvitur
2113 3377 2451 3435 Antiochus
2502 3392 2664 3450 prae·

326 3446 394 3503 16
413 3449 593 3521 positi
631 3449 864 3507 honore
902 3456 963 3508 et
1002 3452 1282 3523 privatur
1318 3455 1449 3508 tota
1486 3467 1554 3508 ro
1591 3452 1874 3508 familiari
1914 3460 1974 3508 et
2011 3452 2142 3523 ipse
2169 3450 2459 3508 tondetur
2484 3457 2662 3521 atque

413 3521 669 3579 clericus
720 3522 848 3579 abit
898 3524 960 3580 in
999 3523 1556 3581 chalcedonensem
1603 3525 1921 3582 ecclesiam
1967 3523 2340 3597 Euphemiae
2387 3523 2662 3595 martyris

412 3594 698 3663 inclutae,
735 3595 843 3652 ubi
882 3612 1005 3653 non
1044 3598 1129 3652 ita
1168 3597 1358 3653 multo
1399 3604 1536 3670 post
1572 3598 1844 3653 moritur.
1951 3639 1956 3647 .

326 3663 394 3720 17
594 3664 715 3725 Sed
758 3670 977 3740 regina
1015 3669 1288 3725 Eudocia
1337 3670 1592 3726 arcessit
1638 3673 1860 3726 fratres
1916 3684 2120 3740 neque
2175 3669 2291 3726 illis
2346 3669 2504 3725 irata
2561 3663 2661 3722 sed

327 3738 397 3792 18
416 3740 617 3812 potius
654 3742 889 3812 gratias
927 3757 1136 3811 agens,
1190 3742 1356 3813 quod
1396 3759 1518 3798 non
1559 3743 1864 3813 particeps
1902 3742 2068 3798 facta
2107 3747 2268 3798 esset
2304 3741 2498 3812 regni,
2553 3738 2661 3794 nisi

328 3808 397 3866 19
414 3812 496 3868 ab
534 3812 606 3868 iis
645 3813 904 3885 expulsa
941 3814 1172 3886 Cpolim
1211 3814 1496 3885 venisset,
1537 3815 1867 3872 Genesium
1909 3815 2287 3886 praefectum
2325 3813 2661 3885 Illyriorum

417 3899 527 3957 per
564 3901 773 3956 regem
814 3887 958 3943 fecit
996 3893 1057 3943 et
1096 3887 1422 3943 vallerium
1466 3888 1741 3960 magistri
1782 3887 2014 3943 honore
2052 3888 2271 3943 affecit.

326 3954 399 4011 20
597 3958 833 4014 Atticus
867 3960 1215 4031 patriarcha
1242 3959 1540 4016 Iudaeum
1579 3960 1886 4032 quendam
1927 3960 2331 4031 paralyticum
2366 3957 2444 4014 ad
2485 3970 2664 4025 agno·

418 4029 711 4087 scendum
737 4030 1038 4088 Christum
1059 4032 1508 4088 hortationibus
1530 4032 1861 4089 adductum
1885 4048 2061 4088 sacra
2082 4032 2391 4089 lavatione
2420 4030 2661 4102 dignum

327 4100 393 4157 21
419 4102 634 4158 habuit
685 4109 743 4159 et
796 4120 1012 4160 sanum
1065 4120 1143 4161 ex
1195 4105 1445 4161 lavacro
1498 4105 1729 4161 eduxit.
1803 4104 1918 4160 Hie
1966 4105 2147 4161 etiam
2186 4104 2380 4160 sancti
2421 4102 2664 4172 Chryso·

420 4175 595 4231 stomi
624 4187 846 4232 nomen
881 4178 1176 4234 ecclesiae
1210 4177 1514 4250 diptychis
1552 4178 1873 4250 inscripsit,
1912 4178 2081 4249 prius
2123 4193 2247 4233 11011
2287 4175 2467 4232 inseri
2515 4181 2664 4238 tum3

328 4244 402 4302 22
420 4244 770 4318 Origenista
821 4250 999 4316 enim,
1033 4251 1337 4321 piissimus
1386 4249 1489 4305 iilo
1536 4257 1713 4321 pater
1758 4254 1819 4306 et
1857 4250 2180 4306 dicebatur
2218 4255 2278 4305 et
2315 4247 2473 4304 habe
2518 4256 2665 4301 atur.

195 4319 292 4379 23.
330 4318 398 4376 21
421 4319 661 4378 Mortuo
679 4337 825 4378 vcro
840 4320 1058 4393 Attico,
1082 4324 1184 4395 qui
1201 4321 1314 4379 XX
1329 4338 1524 4379 annos
1541 4323 1808 4380 fidelium
1820 4324 2176 4397 praefuerat
2191 4322 2409 4393 coetui,
2432 4322 2667 4377 creatur

1614 4541 1620 4550 .

2479 4803 2484 4810 .

1410 4600 2089 4903 Δ
2443 4846 2449 4853 ’

1398 4894 1404 4901 1
2101 4893 2102 4898 ¹
2251 4888 2354 4903 ’ἐ
