2870 4966
751 259 1079 324 monas
1114 258 1171 323 A
1209 252 1618 325 alcmana
1653 223 2048 329 vmmrva.
2092 224 2121 318 ’τ’
2384 208 2534 329 ἐιο

233 448 433 539 ,λίνου
496 448 860 536 ὠνόμαστο.
951 449 1218 536 ἡμερῶν
1281 447 1355 517 δέ
1415 462 1606 518 τινων
1669 451 2139 540 διαγενομένων
2200 451 2313 520 καὶ
2366 450 2528 521 κατὰ
2545 456 2584 516 6

259 555 490 642 χέρσον
541 551 734 628 αὖθις
787 553 897 621 καὶ
949 552 1112 622 κατὰ
1167 553 1502 625 θάλασσαν
1556 555 1860 644 ἐπήνεγκε
1910 562 1989 644 τῇ
2032 555 2211 624 πόλει
2255 555 2366 625 τὸν
2406 556 2526 624 πό-

259 659 470 745 λεμον,
536 657 847 733 ἑλεπόλεις
909 683 975 726 τε
1036 658 1146 727 καὶ
1208 660 1525 746 κλίμακας
1582 661 1993 747 ἐπαγόμενος.
2084 660 2181 736 ὥς
2242 661 2301 728 δ’
2349 662 2524 749 ἐώρα
2542 665 2581 726 7

258 762 332 830 τὰ
377 768 491 850 τῆς
535 764 823 852 σπουδῆς
867 764 1047 851 αύτῷ
1090 764 1497 850 πανταχόθεν
1541 765 1839 855 ἀνήνυτα,
1895 765 2031 832 τότε
2071 764 2194 853 μὲν
2236 764 2351 854 τήν
2392 790 2523 853 ψυ-

205 877 241 937 b
259 865 423 957 χρᾶν
450 867 928 954 «ἐκτρεπόμενος
958 867 1228 955 Θρᾴκην
1276 867 1545 955 (χειμὼν
1590 867 1713 955 γὰρ
1758 867 1863 956 ἦν)
1911 869 2026 956 τὴν
2071 868 2362 955 στρατιὰν
2404 870 2519 936 αὗ-

258 977 371 1039 τοῢ
415 977 550 1045 ταῖς
594 973 840 1058 χώραις
887 972 1206 1059 διένειμεν,
1253 973 1322 1038 ἕν
1365 971 1619 1046 ταύταις
1659 973 2102 1060 σχολάσουσαν
2132 973 2243 1040 καὶ
2269 972 2384 1060 τὴν
2410 980 2524 1042 τοῦ

258 1080 576 1164 χειμῶνος
605 1076 1083 1163 ἑκφευξομένην
1115 1076 1484 1163 δριμύτητα.
1576 1078 1715 1163 ἄρτι
1747 1077 1817 1144 δὲ
1846 1083 1961 1144 τοῦ
2007 1078 2201 1163 ἔαρος
2245 1078 2522 1164 ἔφεστῶ-
2540 1084 2583 1141 8

257 1206 365 1255 τος
408 1180 517 1247 καὶ
560 1180 747 1248 πάλιν
789 1186 1075 1268 προσῆγε
1119 1178 1228 1246 καὶ
1274 1180 1747 1267 ἀμφοτέρωθεν
1782 1188 1859 1269 τῇ
1888 1181 2066 1248 πόλει
2094 1181 2208 1269 τὴν
2237 1182 2527 1268 στρατιὰν
2543 1186 2605 1244 D

258 1282 366 1351 καὶ
409 1283 828 1371 περιεκύκλου
875 1282 950 1350 τὰ
996 1283 1163 1370 τείχη
1210 1291 1306 1370 τῷ
1350 1308 1415 1350 τε
1460 1285 1641 1370 πεζῷ
1670 1286 2079 1371 στρατεύματι
2109 1284 2343 1372 καὶτῷ
2371 1310 2524 1353 ναυ-

177 1398 242 1456 10
257 1395 432 1475 τικῴ.
524 1389 650 1477 ἤδη
700 1388 770 1455 δὲ
800 1387 909 1456 καὶ
941 1395 1036 1475 τῷ
1068 1385 1331 1473 Μιχαὴλ
1378 1387 1720 1475 ἡτοίμαστο
1765 1387 1873 1456 καὶ
1918 1388 2140 1464 στόλος
2184 1389 2293 1458 καὶ
2336 1390 2524 1476 στρά-
2542 1395 2584 1454 9

257 1516 471 1580 τευμα.
562 1491 775 1580 λόγοις
820 1489 937 1560 οὖν
980 1490 1477 1580 παρακλητικοῒς
1521 1490 1669 1567 τοὺς
1714 1493 1986 1569 οἰκείους
2013 1494 2528 1582 παραθαρρύνας
2549 1498 2623 1557 1⁰

255 1595 293 1663 ὀ
336 1594 630 1684 βασιλεὺς
674 1596 926 1683 ἁθρόον
972 1595 1045 1663 ἐκ
1089 1594 1405 1663 πλειόνων
1448 1595 1674 1665 πυλῶν
1705 1597 1908 1686 ἐξάγει
1938 1597 2202 1674 τούτους
2231 1598 2340 1667 καὶ
2371 1622 2523 1686 συρ-

252 1700 553 1788 ρήγνυται
595 1707 691 1788 τῷ
737 1705 849 1768 τοῦ
903 1699 1217 1785 τυράννου
1276 1698 1449 1788 λιιῷ.’
1528 1701 1590 1769 οἱ
1643 1700 1714 1769 δὲ
1766 1707 1860 1788 τῷ
1916 1701 2216 1789 αἰφνιδίῳ
2271 1701 2380 1770 καὶ
2430 1709 2526 1791 τῷ
2549 1706 2616 1767 11

185 1839 188 1845 ·
253 1803 479 1891 θάρσει
523 1808 655 1872 τῶν
701 1802 1009 1873 ἐπιόντων
1056 1803 1639 1880 ἅποδεδειλιακότες
1685 1803 1761 1872 τὰ
1808 1810 1979 1879 νῶτα
2023 1805 2372 1895 μετέβαλον
2414 1807 2526 1875 καὶ

171 1914 238 1976 Ιῦ
253 1909 480 1977 ἔπεσον
524 1908 782 1995 πολλοί,
849 1907 957 1976 καὶ
1003 1908 1044 1997 ἡ
1093 1907 1233 1996 νίκη
1276 1913 1420 1976 ’τῶν
1476 1909 1549 1978 ἔκ
1601 1913 1714 1998 τῆς
1768 1908 2020 1984 πόλεως
2075 1908 2176 1999 ἥν.
2267 1907 2341 1977 τὰ
2404 1910 2525 1998 μὲν
2549 1914 2649 1976 12.

254 2011 372 2081 οὖν
417 2013 579 2082 κατὰ
625 2015 859 2103 χέρσον
903 2014 1075 2081 οὕτω
1122 2013 1484 2102 συνηνέχθη
1530 2020 1624 2100 τῷ
1669 2013 1987 2103 ἀποστάτῃ
2001 2031 2019 2052 ·
2085 2013 2166 2082 οὔ
2208 2012 2341 2104 μὴν
2387 2012 2522 2083 ἀλλ’

72 2128 234 2187 111895
253 2118 405 2186 οὐδὲ
451 2118 526 2186 τὰ
572 2118 735 2186 κατὰ
781 2118 1114 2187 θάλασσαν
1159 2116 1415 2185 κάλλιον
1469 2119 1650 2207 ἔσχεν
1707 2120 1901 2206 αὐτῷ.
1989 2118 2102 2194 τὰς
2160 2118 2284 2208 γὰρ
2339 2120 2520 2207 βασι·
2545 2124 2620 2185 18

180 2287 184 2293 .
249 2221 429 2298 λικὰς
471 2224 743 2311 τριήρεις
785 2221 858 2290 τδ
902 2228 1015 2291 τοῦ
1062 2223 1375 2309 τυράννου
1420 2222 1718 2316 ναυτικὸν
1771 2225 2175 2311 θεασάμενον
2220 2224 2522 2301 ἐπιούσας

249 2450 273 2506 1
317 2451 395 2506 ὅτι
433 2448 528 2508 καὶ
563 2446 702 2508 κατὰ
730 2456 838 2545 γῆν
875 2448 969 2508 καὶ
1005 2446 1142 2507 κατὰ
1179 2449 1457 2507 θάλασσαν
1491 2447 1814 2523 προσβαλὼν
1838 2449 1873 2505 δ
1900 2450 2105 2522 Θωμᾶς
2130 2458 2197 2523 τῇ
2218 2449 2369 2508 πόλει
2394 2449 2519 2507 πολ·

244 2522 418 2593 λάκις,
456 2521 614 2579 οὐδὲν
650 2523 835 2580 ἅνυσαι
873 2525 1105 2594 ἴσχυσεν,
1147 2521 1263 2578 ἀλλ’
1300 2525 1491 2596 ἥττητο
1523 2529 1789 2594 συνεχῶς*
1832 2524 1865 2578 δ
1888 2522 1950 2582 δὲ
1969 2523 2062 2579 καὶ
2088 2523 2387 2595 ἡττώμενος
2423 2530 2518 2580 τοῦ

245 2604 515 2666 τυραννεῖν
553 2598 879 2667 (τυραννείου
909 2595 977 2661 Ε)
1015 2594 1118 2651 οὐκ
1156 2594 1399 2667 ἀπείχετο
1439 2594 1536 2653 ΟΕ
1573 2593 1643 2662 (C
1681 2596 1888 2653 verbis
1924 2595 2039 2652 ἀλλ’
2066 2598 2242 2670 ἥττετο
2285 2611 2514 2654 novum

245 2669 458 2740 incipit
493 2671 951 2740 argumentum)

358 2848 394 2906 2
430 2849 663 2923 ἐπήγαγε
699 2849 847 2921 Ewp
994 2846 1083 2905 τὸν
1121 2864 1238 2905 om.
1264 2846 1321 2903 D
1465 2849 1502 2906 Β
1538 2848 1632 2905 καὶ
1670 2865 1784 2905 om.
1806 2849 1863 2906 D
2007 2848 2044 2905 4
2077 2849 2213 2922 αύτῆ
2248 2849 2305 2906 D
2359 2866 2514 2908 corr.
2578 2847 2581 2850 ’

355 2922 461 2985 Dw
621 2922 656 2979 6
694 2920 1058 2993 σχολάζουσαν
1095 2919 1227 2994 w*p
1266 2921 1476 2978 invitis
1512 2920 1622 2978 AR
1778 2922 1848 2978 10
1882 2920 2258 2994 ωραιηύμαω
2297 2891 2370 2992 b,
2405 2922 2515 2979 sed

356 2996 590 3067 τεύματα
628 2995 693 3050 iu
731 3008 949 3050 rasura
1098 2994 1160 3049 ll
1200 2995 1586 3064 παραθαρύνας
1622 2994 1671 3050 Β
1837 2994 1906 3050 12
1939 2995 2124 3052 πυλῶν
2158 2995 2422 3051 πλειόνων
2458 2994 2514 3051 D

357 3066 1030 3198 xii⁰i⁶⁷1⁹1m⁸n9m
1058 3065 1354 3197 ἷῖηθῗῗ
1381 3064 1508 3196 ΑιῙῖἐ
1546 3066 1918 3198 ῗῆάὲῗὰρῖῗὲ
1941 3064 2093 3212 1¹33ae
2102 3067 2257 3196 θύω
2285 3064 2513 3211 ι’ἵῖἓσῖἑ

571 3181 589 3210 Ι
1171 3178 1186 3196 Ο
1498 3180 1511 3198 0

351 3212 573 3272 κάλλιον
610 3210 667 3269 D

243 3409 483 3451 sacram
524 3390 582 3452 S.
621 3391 1093 3466 Anax-gyrorum
1131 3392 1365 3463 aedem,
1404 3393 1512 3466 qui
1550 3393 1723 3451 iocus
1759 3392 1998 3451 Paulini
2038 3399 2314 3451 vocatur.
2388 3389 2571 3452 Sedss

245 3468 462 3523 diebus
513 3466 748 3536 aliquot
799 3467 1023 3539 elapsis
1077 3467 1292 3524 urbem
1352 3465 1557 3523 denuo
1616 3471 1781 3522 terra
1837 3467 2113 3538 marique
2171 3474 2507 3539 oppugnat,

244 3538 542 3595 machinis
589 3545 651 3594 et
696 3539 876 3597 scalis
927 3538 1231 3595 adhibitis.
1308 3537 1386 3595 Ut
1434 3553 1585 3594 vero
1636 3553 1703 3594 se
1742 3554 1981 3594 omnem
2021 3553 2270 3609 operam
2308 3543 2372 3594 et
2406 3533 2566 3596 ira-’1

189 3667 190 3672 ,
244 3627 496 3682 pensam
534 3608 747 3667 ludere
786 3611 954 3680 vidit,
994 3616 1141 3668 tunc
1179 3610 1407 3683 frigida
1447 3610 1548 3667 illa
1576 3609 1840 3667 Thracia
1877 3609 2089 3665 relicta
2125 3612 2286 3675 (nam
2319 3608 2508 3665 hiems

244 3688 399 3751 erat)
439 3684 753 3740 exereitus
787 3685 847 3739 in
889 3684 1238 3756 provincias
1283 3683 1608 3753 distribuit,
1666 3688 1736 3739 ut
1779 3682 1863 3738 ibi
1911 3682 2036 3737 otio
2083 3686 2509 3738 recrearentur

245 3761 306 3813 et
346 3755 557 3813 hiemis
595 3757 917 3814 saevitiam
956 3757 1279 3814 evitarent.-
1355 3755 1515 3813 Vere
1554 3763 1756 3812 autem
1804 3754 2058 3811 ineunte
2096 3752 2370 3824 legiones
2408 3749 2567 3808 ‹le-8

245 3845 369 3886 nuo
418 3829 729 3902 utrimque
776 3834 990 3887 eontra
1026 3829 1242 3886 urbem
1282 3828 1545 3886 adduxit
1592 3841 1852 3899 eamque
1898 3830 1959 3883 et
2006 3824 2391 3898 pedestribus
2446 3827 2509 3881 et

245 3901 576 3958 navalibus
612 3903 805 3975 copiis
843 3901 1262 3960 circumdedit.
1338 3900 1461 3960 Sed
1501 3899 1843 3959 etMichaffl
1881 3899 2117 3955 interea
2153 3903 2215 3954 ct
2253 3894 2567 3954 classenm

246 3981 308 4032 et
345 3975 564 4032 milites
603 3981 1086 4049 comparaverat,
1135 3991 1405 4047 suosque
1452 3974 1659 4031 verbis
1703 3973 2057 4030 cohortatus
2103 3970 2382 4043 pluribus
2427 3968 2605 4027 0110

246 4049 437 4120 portis
489 4064 601 4104 rex
651 4047 727 4106 de
777 4050 1110 4121 improviso
1160 4049 1454 4120 impetum
1500 4048 1562 4102 iu
1611 4045 1856 4118 tyranni
1915 4044 2124 4116 copias
2181 4044 2342 4100 fecit.
2416 4041 2506 4100 llll
2532 4041 2598 4100 11

245 4137 395 4177 vero
444 4126 505 4177 et
552 4138 619 4179 re
667 4122 1090 4194 inexspectata
1137 4127 1197 4178 et
1245 4120 1508 4176 audacia
1555 4118 1818 4175 hostium
1863 4118 2056 4174 territi
2110 4124 2288 4189 terga
2328 4116 2507 4174 dede·

161 4193 165 4198 '
245 4199 404 4264 runt,
444 4195 774 4267 multisque
813 4196 1006 4251 eaesis
1046 4194 1303 4250 victoria
1342 4209 1530 4264 penes
1568 4191 1838 4246 urbanos
1877 4190 2008 4246 suit.
2083 4187 2174 4245 Ac
2217 4195 2382 4246 terra
2419 4189 2507 4246 sic
2528 4186 2602 4245 12

245 4273 450 4323 actum
509 4273 601 4324 est
658 4284 795 4325 cum
844 4268 1157 4324 desertore
1204 4266 1484 4335 marique
1534 4263 1720 4319 nihilo
1759 4263 1990 4319 melius.
2065 4262 2220 4319 Nam
2259 4261 2505 4334 tyranni
2530 4261 2602 4318 13

246 4354 457 4411 naves,
514 4355 654 4397 cum
700 4340 936 4413 regiam
985 4340 1239 4396 classem
1301 4342 1518 4393 eontra
1563 4351 1630 4393 se
1673 4336 1767 4393 ire
1814 4335 2128 4405 vidissent,
2176 4350 2299 4391 uon
2338 4334 2507 4392 resti·
