2870 4966
435 315 547 382 280
1059 315 1339 382 zONAR.
1376 316 1580 382 1⁴:1³1'r.
1616 317 1728 383 XV
1763 319 1817 395 8,
1857 315 2086 383 11-20.

438 505 510 576 δὲ
562 495 873 596 ἀρχηγὸς
901 506 1240 597 Τελέριχος
1280 507 1709 586 ,ὑποπτεύσας
1746 506 1877 579 ὑπὸ
1929 513 2062 578 τῶν
2115 506 2372 578 οἰκείων
2422 513 2702 601 μεμηνύ-
2718 519 2767 582 D
2785 526 2857 590 111

358 614 417 675 D
435 613 589 682 σθαι
633 620 729 700 τῷ
773 612 1020 700 βασιλεῖ
1056 613 1132 681 τὰ
1166 615 1346 704 αὐτῷ
1375 615 1835 704 βουλευόμενα,
1881 613 1973 704 μὴ
2008 614 2199 690 εῖόὼς
2230 612 2302 683 δὲ
2331 616 2488 690 τίνες
2518 615 2700 699 οὗτοι,

433 719 920 806 κατασοφίζεται
974 718 1090 807 τὴν
1144 726 1259 787 τοῦ
1308 720 1774 808 Κοπρωνύμου
1826 721 2195 809 κουφότητα
2242 719 2353 787 καὶ
2398 720 2469 806 ἐξ
2512 723 2701 793 αὐτοῦ
2736 715 2738 718 ⁴

345 826 417 885 12
432 823 751 911 μανθάνει
793 822 867 892 τὸ
913 824 1374 912 ἀγνοούμενον.
1469 826 1699 915 γράφει
1749 825 1873 913 ’γὰρ
1920 822 2000 893 (δι’
2050 826 2441 914 ἀπορρήτων
2484 827 2700 914 βούλε-

435 929 590 997 σθαι
633 930 1014 1016 προσελθεῖν
1060 932 1240 1017 αὐτῷ
1279 931 1389 998 καὶ
1419 932 1606 1020 ἠξίου
1639 930 1930 1019 ὸηλῶσαί
1956 932 2019 998 οἱ
2048 933 2113 998 εἴ
2129 955 2300 1005 τινας
2330 933 2457 1019 ἔχει
2486 933 2751 1021 φίλουςδ

436 1034 510 1101 ἔκ
569 1039 702 1101 τῶν
762 1033 940 1120 παρὰ
987 1034 1391 1121 Βουλγάροις
1456 1036 1725 1124 ἔξόχων,
1791 1036 1869 1102 ἵν’
1928 1036 2189 1110 ἐκείνοις
2241 1036 2587 1122 θαρρήσειε
2637 1039 2704 1107 τὸ

346 1141 417 1200 13
435 1137 804 1225 ἀπόρρητον
849 1137 959 1205 καὶ
1006 1139 1121 1206 σὺν
1168 1139 1430 1215 ἐκείνοις
1475 1140 1770 1226 ἀφίκοιτο
1803 1138 1970 1226 πρὸς
2002 1138 2217 1208 αὐτόν.
2311 1140 2350 1206 ὀ
2382 1139 2452 1206 δὲ
2481 1142 2703 1229 παχύς,

157 1243 416 1305 wl1192
437 1242 533 1316 ὡς
579 1243 805 1327 ἔοικεν,
854 1243 953 1308 ὢν
1000 1242 1079 1309 οὐ
1127 1250 1364 1330 συνῆκε
1408 1242 1481 1309 τὸ
1529 1244 1786 1330 σκέμμα
1822 1238 1906 1310 ’τὸ
1942 1244 2300 1331 βάρβαρον,
2349 1243 2483 1330 ἀλλ’
2518 1244 2704 1333 ἀνοή-

348 1350 413 1408 14
433 1368 564 1417 τως
609 1344 759 1419 τοὺς
804 1345 985 1431 αὐτῷ
1029 1347 1534 1433 προσκειμένους
1591 1345 1788 1420 εὐθὺς
1845 1346 2218 1433 ἐξεκάλυψε.
2312 1344 2422 1435 καὶ
2467 1346 2506 1413 ό
2550 1348 2703 1434 βάρ-

431 1450 639 1535 βαρος
692 1447 1031 1537 συλλαβὼν
1086 1448 1318 1523 αὐτοὺς
1364 1450 1571 1537 ὠμῶς
1617 1449 2075 1527 ἁπαξάπαντας
2102 1448 2229 1519 ’καὶ
2275 1449 2549 1537 ἀπηνῶςι
2588 1450 2703 1517 διε.
2725 1459 2782 1520 10

345 1557 413 1617 15
432 1552 738 1639 χρήσατο.
830 1550 941 1620 καὶ
987 1550 1179 1627 αὖθις
1226 1551 1297 1619 ὀὲ
1327 1551 1490 1620 κατὰ
1524 1552 1928 1640 Βουλγάρων
1974 1554 2013 1620 ό
2060 1554 2482 1641 αὐτοκράτωρ
2527 1550 2707 1630 οὗτος

431 1654 503 1724 τὸ
550 1655 836 1723 λοίσθιον
883 1657 1349 1742 ἐξεστράτευσε,·
1405 1655 1516 1723 καὶ
1570 1654 1732 1723 κατὰ
1780 1656 1894 1744 τὴν
1941 1656 2009 1724 ἐν
2064 1655 2294 1745 Θρᾴκῃ
2334 1657 2704 1745 Ἀρκαὸιού-

429 1757 614 1827 πολιν
647 1760 1326 1847 στρατοπεδευομένου
1374 1760 1437 1827 οῖ
1480 1758 1677 1834 πόόες
1723 1761 1921 1827 αὐτοῦ
1970 1761 2509 1847 ἀπηνθράκωντο,
2557 1761 2707 1828 ὅθεν

101 1866 410 1928 P11113A
432 1861 627 1930 αὐτὸν
671 1862 898 1949 λαῢροι
927 1863 1186 1948 πυρετοὶ
1217 1862 1326 1931 καὶ
1358 1862 1719 1951 φλογώόεις
1751 1864 2059 1949 ἐξέκαιον,
2108 1849 2203 1938 ὧς
2231 1864 2438 1951 μηδὲν
2468 1864 2706 1931 τούτων

343 1974 412 2032 16
429 1966 598 2055 μηδὲ
649 1966 827 2053 παρὰ
884 1967 1141 2052 ἰατρῶν
1178 1968 1566 2034 ἐπινοεῖσθαι
1626 1968 1929 2054 ἀλέξημα.
2023 1968 2271 2035 ἐκεῖθεν
2336 1967 2437 2034 ἐπὶ
2500 1967 2707 2055 κλίνης
2726 1978 2785 2038 16

432 2071 796 2157 φερόμενος
824 2071 1013 2157 μέχρι
1044 2071 1416 2158 Σηλυβρίας
1456 2073 1860 2158 κατήντησεν,
1909 2072 2068 2138 ὅθεν
2114 2071 2216 2138 διὰ
2264 2072 2573 2158 τριήρους
2607 2097 2720 2138 me·-v

341 2183 412 2242 17
430 2175 719 2262 κόμιστο,
783 2176 967 2264 βοῶν
1030 2176 1127 2249 ὥς
1189 2176 1371 2253 “ζῶν
1435 2176 1521 2242 ἔτι
1585 2183 1681 2261 τῷ
1743 2173 1899 2262 πυρὶ
1964 2176 2479 2261 παραὸέὸομαι.”
2577 2177 2709 2260 ἄρτι

432 2278 503 2346 δὲ
549 2278 816 2366 φθάσας
861 2281 950 2352 εἷς
993 2277 1066 2344 τὸ
1113 2278 1526 2365 Στρογγύλον
1578 2284 1692 2346 τοῦ
1736 2280 2237 2367 μεμεθυσμένου
2283 2280 2467 2347 θείου
2515 2282 2708 2366 ξυροῦ

336 2500 338 2504 ψ
433 2459 497 2516 11
517 2476 522 2482 ·
539 2461 690 2522 ὅπως
730 2461 828 2527 (ὅτι
869 2459 939 2528 Ε)
978 2459 1116 2518 κατὰ
1151 2459 1490 2533 Βουλγάρων
1527 2459 1924 2532 ἐξεστράτευσε·
1984 2458 2078 2518 καὶ
2114 2440 2343 2535 νοσήσας
2390 2459 2707 2534 ὑπέστρεφε·

431 2533 526 2591 καὶ
563 2533 893 2607 κατέστρεψε
929 2532 1026 2607 τὴν
1065 2533 1214 2605 ζωήν
1252 2532 1349 2591 CE
1499 2533 1568 2592 17
1606 2533 1820 2608 τελευτὴ
1857 2542 1952 2590 τοῦ
1988 2535 2375 2606 Κοπρωνύμου
2415 2534 2465 2590 Ε

492 2731 497 2737 -
542 2698 574 2753 1
619 2697 895 2772 Τειέριγος
922 2697 1199 2771 Theoph.
1238 2697 1267 2753 1
1305 2715 1363 2770 p.
1390 2697 1517 2767 448,
1554 2682 1607 2755 4'.
1645 2699 1772 2769 451,
1810 2698 1845 2755 5
1988 2687 2335 2771 μεμηνύσεαι
2363 2696 2590 2771 Apr,
2624 2718 2709 2769 με.

528 2772 816 2900 3⁰⁹⁶?
855 2769 975 2900 ”in
1122 2844 1158 2901 ⁶
1184 2770 1403 2900 ²³:35:ss
1441 2780 1521 2902 τε)
1559 2770 1700 2900 ⁸⁶3·
1739 2770 2105 2900 Ἥξει
2208 2860 2249 2899 v
2306 2770 2710 2900 friam

543 2865 962 2979 llxggtggngm.
1006 2916 1055 2972 Β
1103 2945 1109 2953 -
1205 2916 1275 2973 14
1310 2884 1501 2987 λαῦῖροι
1541 2915 1666 2987 AR,
1688 2865 1899 2988 ffiffssoa,
1939 2916 2013 2985 D,
2050 2860 2493 2989 λάῐὲροιοῦψῦί,
2530 2886 2708 2987 λαύροι

540 2989 670 3062 w*p
822 2995 962 3062 post
996 2990 1171 3061 μηδέν
1196 2988 1336 3045 add.
1367 3012 1411 3046 τι
1440 2989 1589 3063 pr
1741 2990 1809 3046 15
1844 2988 1975 3061 παρ’
2008 2987 2243 3061 prDi
2355 3040 2364 3047 .
2392 2990 2460 3045 18
2489 2990 2709 3062 ’φθάσας

422 3119 425 3124 ,
538 3060 714 3207 ξοζξλοτέ
736 3062 1070 3208 ὅτῶῧγγύλον
1109 3059 1231 3133 ΑΕ,
1271 3062 1347 3124 εἰς
1384 3061 1441 3119 τὸ
1476 3063 1759 3164 λεγόμενον
1784 3060 2052 3134 ἐφθακὼς
2078 3061 2407 3135 (πεφθακὼς
2428 3060 2507 3133 D)
2534 3082 2710 3134 στρογ-

429 3303 543 3365 'Bui
595 3321 845 3365 arorum
893 3307 1105 3379 prinee
1152 3322 1197 3377 s,
1252 3321 1290 3365 a
1330 3306 1679 3366 domesticis
1717 3306 2066 3380 significata
2123 3320 2259 3365 esse
2297 3321 2411 3365 sua
2461 3305 2710 3366 consilia

430 3322 592 3450 regix
607 3380 974 3453 suspicatus,
1015 3394 1096 3452 qn
1159 3384 1365 3439 tamen
1406 3379 1490 3437 iiii
1530 3384 1776 3450 essent,
1808 3381 2122 3451 ignorans,
2162 3386 2301 3437 astu
2342 3377 2707 3452 copronymi

338 3444 411 3505 12
429 3450 682 3509 levitate
739 3453 1161 3509 circumventa
1215 3467 1294 3509 ex
1354 3453 1488 3525 ipso
1553 3450 1719 3524 quod
1769 3452 2102 3523 ignorabat
2149 3451 2415 3509 rescivit.
2492 3449 2710 3509 Scribit

428 3525 590 3582 enim
630 3540 698 3582 se
737 3524 892 3582 clam
932 3524 1102 3582 iilum
1142 3524 1454 3582 aditurum
1494 3527 1789 3599 petitque,
1847 3529 1917 3582 ut
1957 3524 2073 3581 sibi
2114 3524 2509 3596 significaret,
2566 3538 2709 3580 num

429 3613 587 3671 quos
645 3596 723 3656 de
780 3598 1141 3671 proceribus
1187 3597 1475 3670 Balgaris
1532 3599 1762 3656 amicos
1823 3597 2094 3668 haberet,
2152 3596 2378 3670 quibus
2416 3611 2708 3653 arcanum

338 3663 410 3723 13
429 3672 811 3728 committere
838 3670 1100 3743 auderet
1126 3686 1407 3743 quosque
1447 3671 1563 3727 sibi
1602 3672 1835 3727 itineris
1876 3672 2128 3741 comites
2154 3670 2542 3740 adiungeret.
2605 3668 2707 3724 lile

429 3759 580 3816 prae
637 3745 890 3816 stupore
928 3745 1198 3815 -ingenii,
1257 3744 1777 3814 quemadmodum
1828 3748 2106 3815 apparet,
2165 3743 2418 3799 consilio
2462 3739 2708 3797 barbari

427 3832 553 3873 non
582 3816 1016 3873 animadverso
1045 3818 1139 3873 sui
1167 3817 1479 3873 studiosos
1505 3817 1725 3886 statim,
1767 3831 1891 3888 qua
1927 3821 2061 3872 erat
2098 3816 2385 3884 amentia,
2425 3813 2705 3887 prodidit,

203 3883 297 3944 14.
337 3882 585 3961 15quos
624 3890 930 3946 barbarus
971 3906 1181 3946 omnes
1221 3890 1554 3946 crudeliter
1600 3895 1798 3960 atque·
1816 3889 2162 3945 immaniter
2199 3888 2524 3944 interfecit.
2600 3886 2708 3942 Im-

428 3968 680 4035 perator
718 3963 940 4019 iterum
980 3971 1243 4034 eamque
1271 3968 1643 4036 postremam
1668 3962 2126 4033 expeditionem
2170 3966 2382 4016 contra
2405 3959 2708 4032 Buigaros

428 4036 715 4108 suscepit,
763 4036 826 4092 in
867 4051 991 4108 qua
1031 4051 1170 4091 cum
1210 4051 1404 4108 prope
1444 4033 1922 4106 Arcadiopoiim,
1962 4034 2266 4099 Thraciae
2308 4034 2542 4101 urbem,
2582 4047 2710 4088 ver·
2783 4091 2787 4097 ,

428 4114 687 4178 saretur,
738 4109 872 4165 eius
927 4109 1116 4181 pedes
1151 4110 1517 4165 anthi-acum
1571 4107 1784 4164 morbo
1840 4118 1983 4164 sunt
2023 4107 2307 4177 correpti,
2366 4106 2534 4162 unde
2574 4119 2709 4161 eum

428 4181 827 4238 vehementes
866 4186 926 4238 et
965 4181 1203 4238 calidae
1243 4182 1449 4238 febres
1475 4181 1757 4249 urebant,
1799 4196 2062 4252 quarum
2102 4180 2336 4236 nullum
2378 4178 2709 4234 remedium

338 4253 409 4311 16
430 4255 773 4325 excogitari
798 4256 1013 4326 potuit,
1040 4255 1442 4311 neamedicis
1470 4254 1736 4325 quidem.
1777 4254 1950 4310 Illinc
1974 4254 2189 4310 lectica
2214 4251 2557 4323 Selybriam
2581 4265 2709 4322 per-

429 4326 592 4383 latus
631 4328 863 4402 triremi
904 4334 997 4385 est
1035 4328 1356 4400 impositus
1411 4327 1791 4384 vociferans=
1848 4326 2118 4384 “Vivens
2157 4326 2362 4381 adhuc
2401 4327 2463 4381 in
2505 4325 2709 4396 ignem

337 4399 407 4459 17
429 4416 565 4458 sum
605 4401 983 4459 coniectus.”
1056 4402 1274 4460 Statim
1315 4405 1521 4458 autem
1563 4416 1702 4458 cum
1742 4398 2142 4473 Strongylum
2181 4400 2470 4470 venisset,
2519 4397 2710 4454 aciem
