2870 4966
763 215 1542 288 consummemus
1578 215 1996 292 eonnrrva
2438 219 2508 283 ιι

162 462 167 467 -
264 409 662 497 πεντακόσια,
707 408 781 479 τὰ
825 408 946 498 μὲν
987 408 1239 478 πλεῖστα
1282 408 1560 498 μονήρη,
1614 410 1737 479 ἔστι
1782 404 1841 477 δ’
1888 409 1930 477 ἃ
1975 406 2085 477 καὶ
2138 405 2348 496 ὀιήρη,
2400 404 2518 475 καί

265 539 414 584 τισιν
459 513 673 582 αὐτῶν
717 513 825 582 καὶ
870 514 943 580 ἐκ
987 519 1098 600 τῆς
1139 508 1411 599 πρῴρας
1455 510 1563 579 καί
1608 513 1682 581 ἐκ
1724 519 1837 602 τῆς
1886 512 2182 600 πρύμνης
2233 509 2508 599 πηδάλια
2530 511 2578 576 0

267 621 526 707 ἤσκητο,
590 615 698 685 καὶ
753 617 1144 703 κυβερνήτας
1196 615 1427 689 ναύτας
1479 620 1546 682 ’τε
1602 614 1857 690 διπλοῦς
1914 613 2102 703 εἶχον,
2167 613 2350 689 ὅπως
2402 613 2511 682 καὶ
2532 617 2604 677 18

269 716 602 790 ἐπιπλέωσι
645 717 753 786 καὶ
799 719 1185 806 ἀναχωρῶσι
1235 717 1328 805 μὴ
1385 717 1916 804 ἀναστρεφόμενοι
1970 716 2079 784 καὶ
2129 713 2277 791 τοὺς
2331 715 2509 784 ἐναν-

217 835 252 892 5
268 824 435 896 τίους
477 822 546 888 ἔν
589 845 653 888 τε
704 828 799 906 τῷ
856 819 1169 906 πρόσπλῳ
1224 821 1332 887 καὶ
1385 828 1480 905 τῷ
1533 819 1806 905 ἀπόπλῳ
1860 819 2074 886 αὑτῶν
2125 818 2513 904 σφάλλωσι.”

268 924 429 1010 πρὸς
474 923 715 998 τούτοις
759 924 970 1008 ἐπάγει
1017 923 1055 987 ὁ
1101 923 1292 1000 Δίων,
1347 924 1443 997 ὡς
1487 924 1640 989 ἑπτὰ
1687 922 1816 988 ἀπὸ
1860 927 1991 989 τῶν
2042 919 2347 1007 Θρᾳκίων
2390 945 2510 989 πυ-
2533 929 2605 987 19

268 1030 401 1096 λῶν
452 1028 683 1112 πύργοι
736 1027 1198 1113 καθεστηκότες
1253 1027 1417 1112 πρὸς
1469 1027 1583 1112 τὴν
1636 1026 1965 1091 θάλασσαν
2021 1023 2208 1110 ἦσαν·
2272 1023 2514 1091 τούτων
2531 1032 2608 1091 20

272 1129 328 1198 δ’
377 1132 435 1197 εί
471 1132 592 1215 μέν
634 1155 724 1204 τις
768 1130 942 1215 ἄλλῳ
996 1153 1089 1214 τῳ
1142 1131 1540 1216 προσέμιξεν,
1595 1130 1833 1215 ἥσυχος
1885 1127 1988 1213 ἦν·
2052 1128 2112 1193 εί
2159 1126 2230 1192 δὲ
2287 1124 2367 1213 ὀὴ
2420 1133 2514 1212 τῷ

268 1235 510 1319 πρώτῳ
554 1257 607 1298 τι
653 1226 983 1319 ἐνεβόησεν
1028 1236 1068 1318 ἢ
1115 1234 1222 1299 καὶ
1267 1233 1450 1298 λίθον
1493 1233 1939 1317 προσέρριψεν,
1985 1228 2176 1303 αὐτός
2219 1253 2284 1295 τε
2319 1228 2517 1295 ἐλάλει

188 1353 254 1410 10
271 1338 341 1403 ἔκ
386 1360 551 1408 τινος
592 1320 886 1421 μηχανῆς
931 1336 1038 1402 καὶ
1082 1342 1176 1420 τῷ
1233 1336 1511 1420 δευτέρῳ
1565 1333 1636 1400 τὸ
1690 1333 1845 1398 αιίτό
1897 1333 2240 1418 παρεὸίὸου
2295 1337 2513 1418 ποιεῖν,
2552 1322 2557 1331 ’

270 1439 376 1505 καὶ
422 1438 593 1504 οὕτω
641 1437 742 1503 aad
789 1439 1068 1503 πάντων·
1091 1438 1336 1523 ὁμοίαις
1381 1438 1628 1522 ἐχώρει,
1676 1436 1828 1501 οὐδὲ
1873 1436 2283 1520 ἔπετάραττον
2326 1434 2515 1521 ἀλλή-
2534 1445 2607 1505 21

270 1543 437 1624 λυυς,
494 1539 625 1606 ἀλλ’
684 1539 751 1606 ἐν
802 1547 896 1625 τῷ
939 1542 1115 1624 μέρει
1160 1540 1386 1612 πάντες
1430 1538 1607 1624 παρὰ
1652 1543 1764 1604 τοῦ
1809 1536 1937 1623 πρὸ
1982 1538 2177 1604 αὐτοῦ
2224 1536 2263 1604 ό
2307 1538 2517 1622 ἕτερος

271 1646 380 1730 τήν
423 1668 487 1709 τε
532 1642 775 1729 φωνὴν.
806 1643 913 1708 καὶ
958 1643 1070 1728 τὴν
1116 1642 1279 1728 ἠχὴν
1325 1642 1693 1727 διεδέχοντο.

453 1744 717 1831 Τοιαύτη
748 1744 868 1830 μὲν
898 1742 1015 1811 οὖν
1043 1750 1154 1810 τοῦ
1193 1744 1539 1820 Βυζαντίου
1568 1744 1760 1810 πάλαι
1792 1743 1830 1830 ἤ
1861 1742 2041 1818 πόλις
2076 1743 2431 1830 ἐτύγχανεν·
2478 1742 2517 1810 ὅ
2536 1751 2613 1813 22
2635 1751 2693 1814 D
2714 1753 2817 1817 Wl

191 1857 254 1918 lt»
274 1846 340 1913 ὑὲ·
372 1846 660 1932 ἀοίδιμος
691 1847 1168 1918 Non-mumanae
1196 1845 1666 1912 πολλαπλασίαν
1696 1844 1893 1932 αὐτὴν
1923 1845 2337 1933 ἐξειργάσατο.
2405 1844 2515 1914 καὶ
2534 1857 2610 1915 28

276 2052 341 2111 14
374 2051 516 2182 nep&
520 2059 624 2182 1τιοῦ
662 2053 719 2111 ὃν
756 2059 832 2124 τῷ
860 2052 1150 2125 ΙΙλακωτῷ
1193 2051 1465 2123 (πλακοτῶ
1493 2052 1561 2122 Ε)
1599 2052 1792 2124 κιόνος,
1831 2050 1921 2110 καί
1959 2058 2052 2111 τοῦ
2087 2051 2144 2109 ἰν
2179 2050 2328 2124 αὐτῷ
2358 2051 2515 2126 ἀγάλ·

270 2145 432 2199 ματος
1788 2168 1791 2173 ,
2568 2149 2572 2153 .

380 2318 407 2376 1
447 2317 609 2392 διήρη
635 2315 707 2390 Α,
746 2318 965 2412 δίκροτα
1000 2315 1239 2393 prDi
1275 2316 1498 2393 xiphii.
1642 2318 1678 2376 2
1714 2317 1806 2376 καὶ
1886 2321 1980 2376 ost
2007 2316 2186 2376 αὐτῶν
2210 2322 2272 2376 et
2293 2337 2368 2390 πρ
2419 2337 2521 2391 ρας

380 2407 493 2448 om.
535 2392 582 2447 E
748 2411 971 2462 πρωρας
1006 2388 1234 2464 Apr,
1271 2406 1425 2448 corr.
1465 2387 1552 2449 Di
1712 2389 1750 2447 4
1784 2391 1850 2446 en
1890 2389 2090 2447 numos
2130 2388 2227 2448 ΟΕ
2441 2411 2469 2448 τ

377 2462 482 2521 ἀπὸ
509 2463 746 2521 lineolis
781 2464 942 2521 infra
968 2464 1262 2537 appositis
1288 2468 1502 2521 notata
1528 2479 1681 2522 corr.
1703 2461 1807 2524 Dw
1981 2462 2258 2535 σφάλλωοι
2296 2461 2480 2537 xiphi
2509 2504 2521 2518 .

377 2534 478 2605 Di,
518 2537 764 2609 σφάλωσι
791 2535 954 2593 ARw
1142 2538 1178 2593 6
1214 2536 1378 2608 Δίων]
1417 2536 1657 2610 ΧίΡΙιὶΙ.’
1678 2534 1927 2594 LXXIV
1967 2535 2107 2606 14,5
2257 2536 2292 2595 '1
2327 2543 2521 2608 πῢργοι

379 2610 507 2675 (sie)
545 2608 615 2680 A,
656 2625 714 2666 v·
753 2609 831 2665 ad
870 2609 953 2665 XI
989 2608 1017 2665 1
1052 2610 1105 2677 3,
1145 2609 1213 2665 15
1379 2610 1772 2682 καθεστηκότες
1809 2607 2013 2680 Apr
2053 2608 2273 2681 Xiphll.
2312 2609 2523 2682 vulgO,

378 2698 434 2738 v.
475 2681 781 2739 Sturzium
819 2683 898 2738 ad
938 2682 993 2739 h.
1033 2683 1068 2738 l.
1107 2681 1327 2755 Xiphii.
1465 2681 1559 2755 τὴν
1598 2698 1712 2739 οιιι.
1751 2681 1801 2737 Ε
1837 2682 2008 2738 initio
2046 2696 2264 2756 versus
2345 2743 2349 2748 ,
2407 2682 2523 2737 τού-

376 2776 485 2811 των
523 2754 669 2826 pr
691 2753 793 2826 Di,
833 2756 999 2811 τούτω
1038 2754 1092 2811 Α
1344 2756 1379 2811 8
1416 2754 1486 2827 δὴ
1527 2771 1642 2811 om.
1679 2754 1801 2825 ΑΕ,
1862 2758 2073 2811 tenent
2111 2752 2259 2827 pr
2298 2753 2522 2827 Xiphss.
2544 2815 2556 2831 .

376 2828 411 2883 9
447 2827 696 2900 ἔνεβόησέ
732 2849 842 2884 τινα
881 2827 1102 2900 Xiphii.
1265 2827 1381 2899 ε’νέρ
1418 2849 1546 2899 uper
1582 2826 1807 2900 Xiphii.
1973 2826 2024 2884 9.
2065 2827 2134 2884 10
2167 2835 2385 2900 μηχανῇ
2421 2847 2519 2884 τινι
2607 2882 2612 2888 ,

375 2900 544 2955 ἐλάλει
582 2899 821 2972 Χίρὴὶ1.,
859 2902 1033 2957 cuius
1072 2901 1265 2958 verba
1303 2916 1341 2957 a
1380 2849 1620 2957 gun-zio
1667 2899 1831 2965 ‹t.1v
1871 2898 2051 2971 p.571
2092 2915 2231 2956 ann.
2271 2900 2352 2963 ιιι)
2396 2915 2524 2956 ιιοιι

259 3007 265 3013 ·
378 2973 536 3029 bene
575 2979 889 3029 mutantur
926 2975 988 3029 in
1026 2975 1143 3045 ἤχει
1181 2974 1275 3030 καὶ
1309 2973 1478 3029 ἐλάλει
1777 2972 1814 3028 9
1848 2971 2074 3029 ἑνελάλιι
2112 2971 2185 3041 D,
2224 2987 2378 3028 corr.
2416 2970 2523 3031 Dw

162 3056 175 3068 '
380 3045 449 3102 10
484 3044 543 3101 τὸ
579 3044 708 3102 αὐτὸ
745 3053 897 3101 τοῦτο
933 3045 1171 3118 leliil.'
1313 3046 1379 3102 11
1417 3044 1536 3102 οὔδ’
1567 3043 1615 3101 Ε
1762 3044 1829 3100 12
1864 3046 1897 3100 ό
1934 3060 2049 3101 om.
2088 3060 2127 3116 p
2165 3042 2386 3116 Xiphll.
2426 3043 2521 3101 ed.

378 3116 556 3174 Sturz
740 3117 810 3174 13
846 3118 941 3189 τήν
977 3139 1030 3175 τε
1065 3118 1206 3191 ἠχὴν
1242 3118 1334 3175 καὶ
1371 3117 1466 3191 τὴν
1504 3116 1697 3190 φωνὴν
1736 3116 1956 3189 Xiphii.
2134 3113 2435 3188 διεδέχοντό
2469 3136 2525 3172 τε

377 3189 470 3245 καὶ
503 3190 906 3261 παρεπέμποντο
944 3189 1165 3263 Xiphii.
1314 3191 1381 3247 15
1417 3190 1838 3247 πολλαπλασίονα
1880 3188 1926 3247 C

276 3394 477 3447 autem
505 3396 680 3449 erant
707 3389 1061 3464 Byzantinis
1089 3392 1483 3464 quingentae,
1564 3390 1820 3449 lui-imae
1857 3404 2153 3458 moneres,
2193 3386 2524 3447 nonnullae

277 3463 454 3519 etiam
482 3463 762 3530 biremes,
799 3477 1060 3534 quarum
1088 3464 1393 3535 quaedam
1420 3471 1482 3520 et
1541 3480 1581 3520 ιι
1614 3478 1799 3536 prora
1825 3467 1886 3520 et
1911 3464 1972 3519 in
2000 3477 2083 3535 pu
2130 3462 2191 3535 pi
2218 3462 2524 3533 guberna·

160 3563 162 3568 >
279 3535 425 3590 eulis
465 3535 799 3591 instructae
838 3542 1013 3592 erant
1039 3551 1113 3591 ae
1139 3536 1589 3607 gubernatores
1617 3541 1677 3592 et
1702 3541 1922 3592 nautas
1951 3534 2075 3606 dup
2102 3549 2169 3589 os
2196 3533 2525 3603 habebant,

277 3611 345 3663 ut
393 3612 451 3664 et
509 3608 962 3680 annavigarent
1019 3612 1079 3664 et
1138 3609 1577 3680 renavigarent
1632 3621 1754 3665 non
1814 3621 2149 3664 conversae
2204 3610 2267 3663 et
2321 3604 2527 3666 hostes
2547 3607 2619 3668 18

279 3693 528 3737 accessu
568 3681 795 3753 pariter
842 3695 913 3738 ae
959 3694 1205 3737 recessu
1244 3695 1355 3738 suo
1404 3680 1729 3739 fallerent?⁸
1812 3679 2141 3737 Praeterea
2178 3677 2365 3734 adicit
2406 3676 2525 3734 Dio
2548 3680 2618 3741 19

279 3758 505 3824 septem
550 3759 749 3810 turres
788 3767 826 3810 a
863 3750 1125 3810 Thracia
1169 3760 1345 3827 porta
1392 3754 1471 3811 ad
1521 3769 1690 3812 mare
1737 3752 2119 3827 pertinuisse,
2206 3765 2424 3808 uarum
2473 3749 2620 3813 ⁸120

281 3826 411 3896 quis
450 3826 626 3883 aliam
668 3826 976 3899 quandam
1018 3826 1283 3898 adiisset,
1322 3828 1567 3885 tacitam
1604 3827 1820 3898 fuisse3
1859 3826 1953 3882 sin
1993 3840 2140 3883 vero
2203 3841 2243 3880 n
2269 3825 2525 3897 primam

281 3897 423 3968 qnid
474 3899 859 3956 inclamasset
911 3898 1007 3956 vel
1061 3900 1245 3957 etlam
1296 3900 1557 3973 lapidem
1606 3899 1925 3970 iniecisset,
1983 3912 2119 3955 eam
2174 3897 2369 3970 ipsam
2417 3911 2526 3970 per

280 3971 617 4028 machinam
687 3972 994 4045 quandam
1060 3987 1276 4030 sonum
1335 3972 1599 4031 edidisse
1655 3987 1918 4044 eumque
1974 3970 2147 4028 alteri
2204 3968 2527 4028 tradidisse

284 4043 652 4116 l'aeiendumg
691 4051 877 4118 atque
915 4047 1001 4102 ita
1040 4061 1148 4117 per
1187 4062 1396 4103 omnes
1434 4047 1664 4119 pariter
1700 4059 1916 4101 sonum
1957 4043 2299 4117 pervasisse
2326 4057 2527 4115 neque
2545 4046 2617 4105 21

282 4119 481 4174 tamen
521 4118 700 4175 allani
746 4119 825 4175 ab
876 4118 997 4175 alia
1050 4120 1357 4176 turbatam
1410 4135 1544 4177 esse
1594 4118 1701 4176 sed
1755 4132 2064 4190 quamque
2113 4132 2222 4191 per
2273 4117 2439 4173 vices
2489 4132 2527 4173 a

285 4192 557 4260 proxime
596 4191 983 4248 antecedenti
1023 4207 1238 4249 vocem
1277 4192 1992 4264 saltumque-excepisse.

458 4261 547 4321 Ae
585 4265 723 4322 talis
763 4264 900 4321 olim
929 4264 1269 4338 Byzantina
1308 4267 1458 4323 urbs
1487 4268 1626 4338 i‘uit3
1668 4265 1775 4352 sed
1803 4265 2068 4321 inclutus
2095 4261 2622 4329 Constantianam

387 4370 624 4419 Zonaras
653 4371 884 4429 Epitome
911 4371 1006 4422 111.
2173 4355 2208 4413 2
