2870 4966
246 365 549 437 PAVLVS
585 366 719 432 PIT
753 362 1200 436 nomenve.
1272 362 1662 438 TARAstvs
1698 365 2230 441 PAwmAnoflA.
2327 369 2436 440 289

178 588 285 650 σις,
330 561 452 630 οὔκ
489 560 653 628 ἔστιν
684 560 831 647 ύμῖν
861 558 1209 648 σωτηρία.”
1299 560 1408 629 καὶ
1439 562 1501 629 οἱ
1531 563 1951 652 συγκλητικοί,
1996 564 2149 634 “aad
2179 566 2241 636 τί
2263 562 2436 636 οὖν”
2450 573 2491 634 6
2525 573 2581 634 Β

177 668 343 741 εἷπον
393 663 634 739 “αύτὸς
687 664 756 733 ἐν
810 672 905 753 τῷ
957 666 1452 753 χειροτονεῖσθαι
1514 669 1794 737 συνέθου
1855 668 1969 745 τὰς
2031 669 2282 748 εἰκόνας
2340 670 2432 760 μὴ

175 776 545 860 προσκυνεῖν
553 770 633 850 ;”
687 770 726 837 ὁ
774 769 846 837 ὂὲ
891 770 1281 860 ἀντεπήγαγε
1323 770 1475 838 “aad
1523 771 1636 861 τὴν
1679 777 1810 841 τῶν
1853 775 2264 861 κρατούντων
2306 785 2490 865 pta-8
2609 855 2616 863 ⁸

177 878 306 945 νίαν
357 873 467 942 καὶ
526 872 641 961 τὴν
695 874 1007 960 ’ὑμετέραν
1051 876 1372 964 ἀπήνειαν.
1465 874 1621 943 ἀλλὰ
1669 877 1773 944 aad
1818 884 2005 946 τοῦτο
2050 880 2285 967 θρηνῶ
2327 879 2435 949 καὶ
2453 891 2488 951 7

43 997 165 1059 nmo
179 981 274 1050 διὰ
316 980 653 1067 μετανοίας
696 979 863 1066 πρὸς
906 979 1054 1054 τοὺς
1099 980 1466 1067 οἷκτιρμοὺς
1510 982 1873 1069 κατέφυγον
1915 988 2029 1050 τοῦ
2061 984 2246 1070 θεοῦ,
2293 983 2434 1052 δεό-

177 1109 362 1175 μενος
402 1083 495 1171 μὴ
544 1083 640 1159 ὡς
686 1083 1014 1171 ἀρχιερεὺς
1058 1085 1428 1172 κριθῆναι.”
1518 1085 1557 1151 ὁ
1600 1085 1721 1172 μὲν
1766 1083 1884 1154 οὖν
1930 1087 1999 1153 ἐν
2042 1085 2286 1163 τούτοις
2329 1085 2436 1155 τὸν
2454 1101 2493 1160 8

178 1194 310 1281 βίον
353 1190 713 1256 κατέλυσεν·
760 1190 824 1256 οῖ
869 1189 939 1255 δὲ
984 1196 1363 1276 κρατοῦντες
1406 1189 1518 1283 τὸν
1563 1190 1857 1277 ἀοίδιμον
1917 1192 2236 1278 Ταράσιον
2281 1191 2438 1280 ἀση-

178 1302 384 1383 κρῆτις
429 1293 580 1360 ὄντα
626 1294 1023 1382 πατριάρχην
1066 1297 1594 1381 προεχειρίζοντο,
1645 1295 1753 1363 καὶ
1799 1296 1838 1363 ὅ
1882 1295 2037 1371 λαὸς
2081 1297 2252 1372 ἅπας
2296 1297 2744 1372 bre-wnloe

179 1399 504 1488 ψηφίζετο.
597 1398 636 1464 ὀ
684 1398 754 1464 δὲ
809 1398 1083 1485 ἀνένευε,
1148 1398 1241 1485 μὴ
1302 1400 1620 1467 δύνασθαι
1675 1400 1881 1486 λέγων
1932 1407 2278 1489 προστῆναι
2330 1407 2495 1490 τῆςθ

109 1523 166 1583 10
180 1501 505 1589 ἐκκλησίας
568 1503 1060 1590 ἀπεσχισμένης·
1093 1508 1224 1570 τῶν
1285 1503 1530 1571 λοιπῶν
1591 1504 2025 1592 τυγχανούσης
2087 1503 2442 1594 ἐκκλησιῶν

179 1606 280 1674 καὶ
325 1603 432 1673 ὑπ’
482 1607 746 1674 ἐκείνων
791 1608 1320 1697 ὑποβαλλομένης
1363 1617 1458 1696 τῷ
1489 1609 1861 1695 ἅναθέματι.
1956 1608 2338 1694 ἐγκειμένων
2369 1608 2441 1676 ὀὶ
2463 1625 2536 1686 10
2568 1623 2627 1687 Ο

180 1709 280 1778 καὶ
324 1715 455 1776 τῶν
499 1711 815 1797 βασιλέων
859 1712 968 1778 καὶ
1004 1718 1116 1778 τοῦ
1148 1713 1326 1791 λαοῦ,
1373 1713 1481 1780 “el
1505 1713 1930 1781 συντίθεσθε”
1960 1712 2090 1780 εἶπε
2119 1713 2440 1781 “σύνοόον

180 1814 620 1901 οἵκουμενικὴν
650 1816 1082 1902 ἀθροισθῆναι
1112 1817 1221 1883 καὶ
1252 1823 1382 1884 τῶν
1414 1818 1772 1904 ἐκκλησιῶν
1795 1817 2170 1905 γενήσεσθαι
2192 1818 2437 1903 ἕνωσιν,

181 1920 434 2004 δέξομαι
503 1918 612 1985 καὶ
676 1918 869 1994 αὐτὸς
933 1920 1045 2005 τὴν
1109 1922 1564 2008 προχείρισιν.”
1654 1922 2068 2007 συνθεμένων
2137 1919 2209 1987 δὲ
2273 1918 2440 2006 πρὸς
2460 1939 2528 1999 11

108 2040 164 2098 15
179 2027 355 2088 τοῦτο
399 2023 680 2108 πάντων,
730 2022 1179 2111 ἐχειροτονήθη
1214 2026 1251 2092 ὁ
1283 2028 1462 2101 ’θεῖος
1504 2026 1822 2111 Ταράσιος
1851 2024 1960 2092 καὶ
1990 2024 2217 2091 στέλλει
2247 2025 2440 2100 αὕτός

180 2150 239 2192 τε
280 2126 387 2192 καὶ
435 2127 498 2193 οῖ
541 2133 920 2211 κρατοῦντες
966 2130 1053 2203 εἴς
1088 2153 1152 2195 τε
1182 2129 1296 2217 τὴν
1325 2131 1759 2218 πρεσβυτέραν
1785 2128 2062 2217 Ῥώμην,
2101 2129 2437 2217 Ἀδριανοῦ

180 2232 243 2298 ἐν
287 2231 447 2321 αὐτῇ
489 2232 1014 2319 προεδρεύοντος,
1072 2234 1182 2301 καὶ
1227 2236 1316 2309 εἰς
1358 2234 1509 2310 τοὺς
1551 2232 1811 2308 λοιποὺς
1855 2234 2268 2322 πατριάρχας,
2323 2235 2439 2321 ζη-

181 2448 211 2508 ’ί
245 2449 319 2507 ὅτι
357 2448 391 2507 ὀ
424 2446 481 2508 ὃν
518 2447 687 2524 ἁγίοις
731 2450 995 2524 Ταράσιος
1030 2451 1363 2525 πατριάρχης
1398 2451 1781 2526 προεχειρίσθη
1821 2447 1918 2512 CE

278 2652 306 2708 1
346 2649 476 2725 ἡμῖν
509 2649 854 2727 BonwpDi,
893 2669 951 2712 v.
990 2652 1263 2728 Theoph.
1291 2652 1328 2711 1.
1348 2671 1405 2727 p.
1431 2652 1557 2726 457,
1578 2653 1667 2725 24,
1704 2651 1774 2713 L.
1800 2651 1957 2729 G.'p.
1985 2652 2217 2725 194.22,
2255 2649 2432 2714 cedr.

275 2724 331 2781 Π
369 2742 427 2798 p.
466 2724 555 2795 22,
594 2726 628 2784 7
808 2733 937 2799 γοῦν
975 2727 1123 2799 Ewp
1303 2726 1340 2784 2
1375 2727 1523 2785 αὐτῶ
1561 2728 1610 2785 E
1789 2732 1933 2786 ante
1970 2725 2062 2790 τὰς
2099 2726 2239 2785 add.
2278 2727 2344 2785 σὺ
2383 2727 2434 2785 Ε

271 2798 309 2855 4
343 2799 438 2854 καὶ
463 2803 603 2871 post
626 2797 757 2856 ἀλλὰ
778 2799 917 2856 add.
940 2797 1220 2873 BswpDi,
1261 2815 1376 2858 om.
1411 2801 1513 2858 Wo
1540 2802 1657 2872 lat„
1698 2817 1756 2858 v.
1783 2799 2056 2873 Theoph.
2084 2800 2113 2857 1
2140 2816 2196 2874 p.
2215 2799 2341 2872 457,
2360 2800 2435 2858 28

273 2870 308 2926 5
344 2870 432 2928 διὰ
466 2874 744 2941 μετανοίας
784 2874 955 2929 initio
997 2888 1213 2930 versus
1253 2889 1369 2931 om.
1410 2872 1458 2932 C
1619 2875 1694 2937 εἰς
1733 2872 1779 2933 C
1962 2875 2268 2945 κατέφυγον
2304 2872 2431 2942 AO,

275 2946 560 3017 confugi:
607 2946 712 3003 Wo
751 2945 852 3002 lat.
892 2952 972 3012 (v.
1011 2945 1284 3019 Theopb.
1324 2946 1352 3003 1
1391 2963 1448 3019 p.
1485 2947 1611 3019 457,
1648 2947 1759 3018 28),
1797 2947 2120 3020 καταφεύγω
2157 2946 2307 3021 Ewp

274 3018 309 3074 6
346 3027 486 3089 post
522 3016 621 3074 οὖν
659 3017 801 3075 add.
839 3018 994 3081 οὗτος
1031 3018 1079 3075 Ε
1247 3019 1317 3076 10
1353 3025 1492 3092 post
1528 3020 1891 3093 τυγχανούσης
1928 3035 1995 3077 re
2039 3021 2151 3077 etit
2185 3026 2295 3076 τῶν
2327 3019 2433 3077 λοι·

271 3097 392 3146 πῶν
429 3091 793 3162 τυγχανούσης
830 3098 939 3147 τῶν
977 3090 1024 3149 C
1255 3091 1324 3148 12
1358 3093 1453 3148 καὶ
1490 3099 1598 3149 τῶν
1630 3092 1896 3165 ,Βασιλέων
1932 3091 1987 3149 A
2022 3093 2157 3165 'wp‚
2194 3092 2287 3150 καὶ
2324 3099 2433 3149 τῶν

269 3164 612 3233 κρατούντων
652 3163 715 3229 B,
754 3170 864 3220 τῶν
899 3164 1244 3236 κρατούντων
1281 3163 1334 3221 R
1480 3166 1827 3222 συντίθεσθαι
1867 3170 1930 3222 et
1966 3165 2282 3222 συντίθεσθε
2318 3180 2429 3239 per

272 3235 519 3308 dittogr.
557 3235 606 3292 E
821 3236 889 3293 14
923 3239 1254 3309 προχείρισιν
1290 3235 1412 3307 AC,
1449 3238 1798 3310 προχείρησιν
1837 3236 2063 3311 DEwp,
2098 3239 2431 3311 προχείρισιν

271 3323 426 3364 corr.
454 3324 533 3365 ex
557 3310 904 3383 προχείρησιν
932 3308 979 3365 Β
1095 3311 1174 3365 16-
1201 3316 1338 3383 post
1358 3309 1619 3380 ἅὸριανοῦ
1645 3309 1785 3367 add.
1814 3330 1951 3373 τινος
1980 3311 2102 3378 Bw,
2141 3326 2256 3367 om.
2277 3310 2427 3384 ABp

172 3523 296 3566 esse
335 3524 457 3567 non
499 3509 838 3583 poteritis”.
913 3506 1316 3568 Senator-ibus
1338 3515 1545 3567 autem
1568 3509 2110 3583 interrogantibus,
2148 3522 2261 3568 cur
2296 3509 2316 3567 i
2361 3514 2487 3575 seo

172 3594 300 3638 eum
339 3584 673 3655 eligeretur
710 3598 834 3639 non
873 3581 1225 3639 adorandas
1263 3598 1398 3639 esse
1435 3583 1736 3654 imagines
1773 3598 2062 3640 assensus
2099 3587 2276 3651 esset,
2351 3582 2427 3639 lle

170 3652 301 3712 “Ob
341 3671 554 3712 eornm
594 3657 895 3712 insaniam
910 3654 944 3675 ”
980 3655 1180 3727 inquit
1214 3655 1368 3727 “qui
1407 3671 1614 3711 reruni
1638 3655 2033 3728 potiebantur
2071 3660 2133 3713 et
2157 3660 2483 3720 vesti-ame

172 3728 602 3786 crudelitatem.
676 3726 794 3785 Sed
839 3728 954 3784 hoe
996 3728 1179 3799 lugeo
1218 3743 1293 3784 ae
1326 3744 1437 3801 per
1467 3728 1903 3800 paenitentiam
1944 3727 2024 3784 ad
2063 3727 2161 3784 dei
2200 3727 2481 3793 miseri-'1

171 3801 432 3858 cordiam
475 3801 747 3872 confugi,
787 3816 972 3858 orans
1008 3816 1088 3858 ne
1128 3800 1205 3858 (le
1244 3817 1339 3858 me
1367 3807 1680 3873 tamquam
1720 3801 1796 3858 de
1824 3801 2110 3874 pontifice
2131 3798 2426 3856 iudicium

172 3872 323 3932 ssat.”
392 3875 473 3932 At
513 3874 612 3931 ille
653 3874 767 3931 hoo
809 3876 992 3931 modo
1035 3875 1222 3931 vitam
1264 3875 1441 3944 iiniitg
1484 3875 1882 3947 imperatores
1902 3879 2105 3931 autem
2127 3872 2480 3938 inclututnu

170 3943 498 4019 'l'araaium²
539 3964 576 4004 a
615 3948 884 4019 seeretis,
943 3946 1351 4021 patriarcham
1391 3947 1797 4018 designarunt
1835 3946 2217 4020 approbante
2257 3946 2422 4003 ouini

174 4023 408 4094 populo.
484 4020 603 4079 Sed
656 4022 788 4094 ipse
827 4022 1162 4093 rtet-usaria
1227 4036 1429 4093 neque
1486 4021 1645 4077 enim
1685 4036 1751 4078 se
1790 4035 2074 4093 praeesse
2114 4034 2294 4091 posse
2331 4025 2479 4084 ‹ze-9

172 4094 384 4151 elesiae
411 4112 447 4152 a
476 4094 725 4167 reliquis
752 4094 1023 4151 eeclesiis
1050 4092 1305 4151 avulsae
1343 4099 1404 4151 et
1443 4093 1522 4150 ab
1552 4094 1664 4149 illis
1690 4092 2062 4150 anathemati
2088 4092 2424 4150 subiectae.

172 4165 538 4225 instantibus
576 4173 781 4225 autem
823 4176 883 4225 et
923 4168 1175 4240 regibus
1231 4174 1293 4224 et
1328 4168 1557 4240 populo
1611 4165 1721 4223 “Si
1764 4164 2170 4239 perniittetis”
2205 4166 2421 4238 inquit,
2442 4171 2518 4232 ιο

170 4238 277 4296 “ut
322 4258 351 4296 s
398 4242 598 4297 nodus
650 4242 1046 4298 oecumenica
1103 4248 1481 4297 convocetur
1533 4246 1593 4296 et
1643 4239 1939 4296 eeclesiae
1991 4239 2305 4309 uniantur,
2360 4244 2423 4297 et

171 4311 292 4383 ipse
374 4315 819 4386 esignationem
860 4312 1232 4369 admittam.”
1302 4313 1586 4369 Assensis
1615 4312 1898 4370 omnibus
1925 4310 2274 4392 patriarcha
2300 4312 2512 4380 eie-11

172 4392 297 4441 ctus
337 4386 582 4443 divinus
621 4387 720 4443 iile
746 4386 1039 4442 Tarasius
1078 4392 1139 4442 et
1177 4386 1409 4459 ipse-et
1437 4386 1839 4459 imperatores
1865 4392 2137 4443 veterem
2163 4385 2420 4443 Romam

172 4455 423 4530 mittunt,
464 4460 563 4516 cui
599 4457 912 4516 Adrianus
950 4458 1359 4532 praesidebat,
1407 4464 1468 4519 et
1508 4459 1588 4516 ad
1627 4464 1863 4517 eeteros
1900 4459 2281 4535 patriarchas
2319 4478 2419 4540 po·
2502 4505 2505 4514 .

269 4564 506 4616 Ζοιιαναο
535 4567 765 4629 Epitomo
793 4565 887 4620 111.
2046 4549 2116 4612 ²9
