2870 4966
346 267 802 338 COPRONYMI
839 265 1066 333 Mons.
1140 267 1249 333 Du
1286 266 1649 337 CORPORE
1686 267 1746 337 Β.
1785 264 2264 335 EVPHEMIAE'.
2362 261 2468 333 201

210 465 246 537 ὅ
288 461 555 537 δείλαιος
599 457 908 548 ἐπειράθη
955 455 1067 529 καὶ
1109 457 1339 549 βιαίως
1384 458 1519 529 ἐκεῖ
1557 457 1669 530 τὸν
1712 458 1857 551 βίον
1902 460 2310 550 κατέστρεψε,
2373 482 2468 551 χι-

220 569 433 642 λιάόας
473 570 606 634 τῶν
649 564 1039 651 ἀρθοάόξων
1080 563 1321 641 πολλὰς
1365 565 1632 653 ἀνελών,
1676 565 1786 636 καὶ
1813 565 2079 654 μάλιστα
2107 571 2468 656 μοναστῶν,

217 675 318 747 καὶ
360 671 435 740 τὰ
480 670 727 740 τούτων
772 670 1124 759 ἀσκητήρια
1169 669 1244 738 τὰ
1289 669 1410 759 μὲν
1453 669 1662 759 πυρὸς
1694 672 1970 759 θέμενος
1996 671 2466 761 παρανάλωμα,

213 779 281 848 τὰ
328 777 398 846 δὲ
441 775 766 861 καθελών,
813 775 888 841 τὰ
938 774 1008 843 ἀὲ
1053 776 1395 862 κοινώσας,
1443 776 1666 864 ὥσπερ
1702 775 1812 844 καὶ
1841 776 1956 866 τὴν
1982 783 2096 844 τοῦ
2130 776 2466 865 Δαλμάτου
2489 777 2557 836 18

164 881 544 970 ὁλεγομένην
606 880 838 966 μονήν,
903 879 1176 966 ἀρχαίαν
1230 878 1431 948 οὖσαν
1487 879 1596 948 καὶ
1649 886 1781 950 τῶν
1835 881 1904 949 ἐν
1950 883 2467 950 Κωνσταντινου-

185 986 374 1057 ’πόλει
434 984 874 1070 πρεσβυτέραν
935 988 1186 1069 πασῶν,
1253 980 1369 1070 ἀφ’
1429 983 1508 1072 ἧς
1561 985 1882 1060 ἀπελάσας
1933 985 2082 1060 τοὺς
2141 985 2471 1075 μοναχοὺς
2569 1025 2591 1045 .·

207 1093 601 1175 στρατιωτῶν
667 1086 866 1175 αὐτὴν
920 1088 1230 1174 πεποίηκε
1284 1090 1704 1175 καταγώγιον.
1798 1090 1877 1157 οὔ
1932 1088 2138 1177 μόνον
2192 1090 2264 1157 ἀὲ
2307 1090 2467 1159 κατὰ
2489 1091 2559 1151 19
2593 1090 2646 1151 Β

206 1200 328 1261 τῶν
349 1272 360 1289 ⁴
380 1192 647 1277 ζώντων
692 1184 1046 1277 ἐλύπησεν,
1114 1190 1271 1257 ἀλλά
1325 1192 1435 1259 καὶ
1488 1192 1576 1266 εἰς
1619 1191 1768 1267 τοὺς
1811 1199 1925 1259 τοῦ
1972 1192 2255 1279 Χριστοῦ
2299 1194 2468 1282 μάρ-

60 1284 406 1382 ulatbwqacs‘
451 1294 562 1360 καὶ
616 1288 765 1369 τοὺς
817 1294 1029 1369 ἄλλως
1084 1295 1263 1380 αὐτῷ
1308 1296 1846 1384 εῦαρεστήσαντας
1891 1298 2303 1383 ἐμπαροινῶν
2347 1299 2468 1366 οὔκ

136 1417 193 1478 10
208 1399 490 1485 ἐπαύετο,
536 1397 743 1486 μηὸὲν
789 1396 1022 1471 αὐτοὺς
1068 1397 1384 1466 (δύνασθαι
1429 1394 1637 1488 λέγων
1675 1397 1784 1467 καί
1815 1399 2077 1489 συκίνην
2107 1401 2470 1486 ἐκικουρίαν

204 1503 307 1579 τὰς
359 1502 607 1570 τούτων
666 1494 1004 1590 πρεσβείας
1049 1501 1401 1571 ἀποκαλῶν
1445 1504 1555 1571 καὶ
1599 1501 1674 1571 τὰ
1721 1503 1966 1571 τούτων
2011 1504 2155 1590 ἅγια
2201 1501 2466 1590 λείψανα

205 1606 274 1675 τὰ
317 1604 437 1694 μὲν
483 1605 727 1694 ἀτίμως
770 1606 1206 1693 καταχωννύς,
1272 1606 1346 1675 τὰ
1397 1606 1466 1674 δὲ
1511 1612 1719 1676 ποιῶν
1773 1606 2153 1698 ὑποβρύχια,
2219 1608 2348 1675 ἔνια
2397 1605 2468 1675 ἀὲ

204 1709 304 1779 καὶ
334 1710 741 1795 ἁποτεφρῶν,
785 1709 1006 1795 ὥσπερ
1037 1708 1146 1777 καὶ
1177 1708 1248 1776 τὸ
1279 1716 1390 1799 τῆς
1418 1711 1850 1799 πανευφήμου
1879 1711 2207 1798 μάρτυρος
2237 1709 2466 1799 Εὔφη-

203 1814 345 1901 μίας
400 1814 581 1900 ἅγιον
639 1817 849 1900 σῶμα.
944 1813 1143 1905 διττοὶ,
1187 1813 1257 1882 δὲ
1311 1815 1455 1900 περὶ
1511 1815 1739 1883 τούτου
1798 1815 2100 1902 φέρονται
2156 1812 2359 1902 λόγοι·
2426 1812 2466 1882 ἀ
2486 1815 2564 1879 20

134 1933 190 1991 15
203 1917 316 2004 μὲν
361 1916 484 2004 γὰρ
530 1917 962 2002 πυρίκαυστον
1007 1917 1165 1984 αὐτὸ
1210 1917 1372 2005 λέγει
1418 1918 1602 1995 δόξαι
1644 1918 2038 2006 ποιήσασθαι
2083 1916 2193 1985 τὸν
2231 1915 2469 2006 μιαρὸν

206 2023 439 2089 ἐκεῖνον
489 2020 964 2108 Κοπρώνυμον,
1030 2023 1233 2096 κύνας
1285 2021 1396 2089 καὶ
1462 2023 1656 2097 ὄνους
1708 2022 1888 2109 αὐτῷ
1942 2023 2467 2109 συνεμπρῆσαντα

207 2247 232 2303 1
278 2247 362 2303 οἷα
407 2246 545 2303 κατὰ
593 2254 701 2303 τῶν
750 2253 1010 2318 μοναχῶν
1056 2246 1148 2303 καί
1196 2253 1306 2303 τῶν
1355 2248 1732 2318 μοναστηρίων
1780 2245 1872 2303 καὶ
1921 2246 2058 2303 κατὰ
2103 2253 2211 2317 τῶν
2257 2253 2468 2302 σεπτῶν

203 2319 472 2391 λειψάνων
515 2326 622 2375 τῶν
659 2320 828 2391 ἁγίων
863 2320 897 2376 ἀ
929 2318 1230 2390 πάντολμος
1265 2320 1457 2390 ἐτόλμα
1497 2319 1593 2377 ΟΕ
1740 2318 1811 2375 14
1845 2319 1966 2388 περὶ
1999 2325 2090 2375 τοῦ
2115 2320 2263 2388 ίεροῦ
2285 2317 2470 2390 λειψά-

202 2413 292 2448 νου
329 2400 422 2464 τῆς
445 2392 816 2464 -πανευφήμου
850 2392 1126 2463 μάρτυρος
1162 2392 1458 2464 Εὗφημίας
1496 2392 1593 2451 CE
1630 2391 1732 2459 (de
1759 2391 1893 2449 cod.
1920 2391 2055 2449 Vnt.
2086 2391 2190 2448 135
2226 2407 2282 2449 v.
2304 2391 2478 2448 B-W

203 2465 345 2538 Byz.
384 2463 684 2523 Zeitschr.
724 2480 778 2522 a.
821 2464 962 2522 1892
1001 2480 1059 2538 p.
1097 2464 1227 2537 236)

300 2674 335 2731 3
375 2675 605 2745 θέμενος
643 2690 759 2730 om.
798 2672 845 2729 B
992 2674 1029 2730 4
1065 2682 1159 2732 τοῦ
1198 2691 1313 2732 om.
1346 2649 1395 2731 B
1543 2675 1579 2732 6
1613 2645 2007 2750 πρεσβευτέραν
2039 2674 2095 2732 D
2238 2676 2466 2748 πρεσβυ·
2572 2648 2575 2654 ¹

300 2747 474 2819 πέραν]
515 2746 609 2803 De
650 2748 1073 2819 comparativo
1113 2764 1173 2805 v.
1212 2747 1293 2803 ad
1332 2747 1482 2805 XIII
1518 2749 1570 2818 3,
1604 2750 1640 2805 6
1820 2749 1855 2804 8
1892 2753 2032 2822 post
2068 2747 2287 2813 ζώντων
2323 2746 2481 2825 add,

299 2828 514 2890 χριστοῦ
552 2820 766 2876 δούλων
803 2819 953 2893 pr
1152 2828 1248 2877 τοῦ
1284 2830 1509 2892 χριστοῦ
1549 2819 1671 2891 ΑΕ,
1709 2822 1894 2884 θείους
1931 2820 1999 2889 O,
2037 2820 2221 2883 θειοῦς
2257 2818 2389 2893 w*p

299 2893 334 2948 9
367 2893 560 2953 7ἄλλους
601 2891 794 2949 CDDi
977 2891 1125 2964 αὑτῷ
1164 2909 1279 2949 om.
1321 2892 1426 2950 Ow
1644 2898 1789 2950 ant-o
1826 2893 2168 2963 ἐμπαροινῶν
2206 2892 2346 2950 add.
2384 2900 2467 2964 τῷ

300 2966 414 3029 θεῶ
455 2963 605 3036 pr
757 2966 827 3021 10
860 2963 1126 3021 ἐπαύσατο
1165 2965 1214 3022 Ο
1384 2966 1407 3020 1
1457 3005 1469 3022 .
1513 2965 1581 3023 15
1616 2966 1650 3022 ἀ
1685 2964 1786 3036 μὲν
1820 2964 1920 3038 γὰρ
1959 2965 2032 3037 D,
2070 2967 2103 3022 ό
2139 2980 2464 3049 perpe-ran}

301 3017 500 3092 deleto
538 3038 759 3093 iterum
800 3037 1014 3093 inserit
1053 3043 1190 3109 post
1228 3035 1328 3107 γὰρ
1368 3037 1475 3098 Dw
1703 3038 1771 3094 15
1807 3039 2170 3108 πυρίκαυστον
2204 3037 2311 3095 Rw
2357 3037 2465 3107 De,

298 3110 625 3180 πνρίκαστον
662 3107 716 3166 A
862 3108 1030 3181 λέγειν
1070 3109 1390 3182 typothetn.
1429 3108 1599 3183 apud
1636 3107 1723 3168 Di
1869 3111 2028 3166 inter
2059 3109 2194 3181 λέγει
2220 3114 2281 3165 et
2340 3110 2462 3173 όξαι

303 3180 463 3239 ‹luao
502 3187 708 3239 tresve
747 3180 989 3240 litterae
1030 3197 1162 3238 eom
1191 3185 1389 3239 ›arent
1426 3182 1490 3240 in
1530 3182 1594 3256 Ε,
1652 3197 1914 3257 quarum
1963 3181 2175 3240 ultima
2214 3181 2465 3239 videtur

301 3268 434 3312 esse
472 3274 537 3326 ω,
578 3259 822 3313 ceterae
861 3268 985 3311 non
1027 3253 1161 3328 disp
1189 3255 1453 3313 ciuntur.

196 3466 402 3527 offensi
459 3471 727 3529 numinis
770 3470 954 3528 miser
991 3471 1179 3529 sensit
1235 3475 1424 3544 atque
1478 3470 1601 3530 ime
1638 3472 1825 3529 vitam
1887 3471 2186 3529 violenter
2244 3467 2460 3542 finivit,

195 3541 442 3600 sublatis
498 3543 704 3601 multis
753 3543 1241 3601 orthodoxorum
1283 3543 1544 3613 milibus,
1600 3542 2039 3602 monachorum
2080 3542 2459 3616 praesertim,

197 3627 449 3682 quorum
474 3618 846 3673 monasteria
882 3618 1105 3689 partim
1132 3616 1419 3684 incendit,
1459 3617 1677 3689 partim
1702 3616 2024 3686 destruxit,
2062 3615 2282 3688 partim
2322 3629 2458 3686 pro·

196 3685 443 3757 sanavit,
482 3692 551 3744 ut
600 3691 661 3745 et
699 3687 965 3745 Dalmati
1014 3689 1455 3748 monasterium
1512 3695 1819 3745 vetustum
1867 3694 1928 3746 et
1966 3690 2251 3757 omnium,
2293 3701 2457 3758 quae
2479 3678 2561 3738 18

122 3816 127 3824 ,
197 3755 360 3829 Cpoli
399 3766 558 3830 suut,
610 3761 1117 3831 antiquissimum,
1165 3762 1331 3832 quod
1371 3762 1560 3832 pulsis
1599 3761 1913 3818 monachis
1951 3761 2205 3817 militum
2244 3759 2457 3814 dever-

198 3832 418 3887 sorium
449 3834 610 3889 fecit.
649 3833 864 3904 Neque
892 3849 1040 3889 vero
1072 3835 1353 3890 viventes
1378 3839 1615 3890 tautum
1637 3834 1997 3905 exagitavit,
2025 3832 2131 3889 sed
2154 3837 2216 3889 et
2234 3829 2457 3889 Christi
2480 3824 2561 3883 19

196 3905 563 3975 martyribus
602 3912 660 3962 et
701 3906 816 3962 deo
858 3906 1035 3962 aliter
1072 3907 1267 3977 gratis
1305 3906 1603 3963 insultare
1640 3921 1763 3962 non
1805 3905 2152 3974 desistebat,
2192 3919 2348 3976 quos
2367 3902 2457 3960 ui·

196 3972 271 4029 hit
299 3992 476 4048 posse
498 3980 813 4035 asserebat
837 3994 1223 4050 quorumque
1245 3980 1713 4035 intercessiones
1735 3978 2058 4034 ficulneum
2082 3976 2456 4049 praesidium

196 4049 563 4123 appellabam
604 4067 814 4108 eorum
855 4057 1063 4107 autem
1104 4051 1393 4123 reliquias
1433 4053 1652 4123 partim
1693 4067 1801 4122 per
1823 4048 2248 4106 contumeliam
2289 4054 2457 4105 terra

196 4121 505 4192 obruebat,
564 4125 786 4196 partim
846 4124 1264 4194 demergebat,
1323 4123 1644 4195 partimin
1684 4124 1947 4179 cinerem
1988 4123 2329 4194 redigebat,
2385 4125 2457 4179 ut

194 4198 251 4246 et
285 4193 594 4263 gloriosae
632 4197 918 4268 martyris
947 4196 1322 4268 Euphemiae
1342 4203 1621 4252 sanctum
1662 4211 1902 4266 corpus,
1943 4195 2019 4252 de
2059 4211 2182 4265 quo
2222 4189 2564 4266 duplex20

193 4277 393 4321 rumor
431 4274 550 4340 est3
597 4286 741 4325 uam
789 4270 891 4324 alii
933 4272 1136 4325 ferunt
1183 4270 1487 4324 nefarium
1528 4268 1693 4325 iilum
1733 4267 2185 4341 copronymum
2225 4268 2289 4323 in
2328 4266 2456 4322 aui·

193 4348 285 4391 mo
325 4338 612 4399 habuisse
651 4342 714 4400 id
742 4356 1035 4411 cremare,
1079 4341 1338 4400 canibus
1377 4345 1438 4397 et
1467 4341 1654 4398 asinis
1680 4356 1808 4397 una
1835 4339 2266 4398 comburendis
2294 4340 2454 4396 eine·
