2870 4966
380 243 486 304 ios
980 241 1255 303 zormu.
1296 241 1495 302 EPIT.
1533 241 1678 300 xm
1714 242 1803 315 23,
1841 239 2035 302 7-23.

379 425 729 514 Διόσκορος
771 428 890 505 λὰξ
932 436 1028 515 τῷ
1072 428 1313 515 στέρνῳ
1358 427 1622 511 ἱνέθορε
1650 432 1762 493 τοῦ
1793 428 2095 513 εὐσεβοῦς
2125 426 2367 493 ἐκείνου
2397 426 2627 515 ἀνδρὸς

376 532 484 600 καὶ.
513 531 641 609 πὺξ
677 530 871 600 αὐτὸν
914 530 1076 600 κατὰ
1122 531 1366 618 κόρρης
1409 529 1663 597 τύπτων
1708 531 1829 597 οὒκ
1876 532 2109 617 ἀνῆκεν
2153 531 2280 605 ἕως
2322 537 2435 598 τοῦ
2482 556 2624 599 συν-

322 628 590 720 8εόρίου
638 637 950 723 ἐξώθησε.
1045 634 1153 702 καὶ
1198 635 1235 701 ό
1279 633 1399 721 μὲν
1445 635 1622 719 ἅγιος
1664 630 1821 720 μετὰ
1868 636 2075 722 τρίτην
2119 635 2368 722 ἡμέραν
2413 635 2486 704 ἐκ
2521 645 2626 726 τῆς

337 756 340 759 ’
374 745 487 805 τοῦ
533 740 793 824 στέρνου
838 739 1082 826 πληγῆς
1124 738 1467 825 μετήλλαξε
1510 736 1623 825 τὴν
1669 738 1864 825 ζωήν,
1911 739 1979 805 ἐν
2025 737 2144 806 ὀύο
2189 738 2490 813 ἱνιαυτοῒς
2523 740 2627 809 τὸν

322 832 359 891 9
377 841 813 929 ἀρχιερατικόν
874 843 1206 929 κοσμήσας
1269 840 1513 926 θρόνον
1575 846 1685 928 τῆς
1747 843 2061 927 νεωτέρας
2104 841 2374 928 Ῥώμης.
2466 842 2505 908 6
2558 844 2625 912 δὲ
2642 847 2673 905 5

324 1026 330 1033 ς
378 946 728 1033 Διόσκορος
771 944 918 1021 τοὺς
964 947 1099 1014 ἐκεῖ
1129 945 1450 1031 παρόντας
1480 944 1863 1019 ἐπισκόπους
1892 946 2429 1033 ὑποσημήνασθαι
2459 947 2622 1034 ἐβιό-

284 1044 360 1101 10
378 1073 530 1116 σατο
583 1059 678 1137 τῷ
729 1048 883 1137 παρ’
941 1050 1137 1116 αὑτοῦ
1202 1049 1512 1116 ἔκτεθέντι
1575 1048 1739 1133 ὅρῳ·
1805 1049 1845 1136 ἥ
1894 1047 2016 1134 γὰρ
2070 1056 2183 1116 τοῦ
2231 1050 2626 1137 ὀηλωθέντος

300 1146 356 1203 Ῑ)
376 1155 701 1241 εὐνούχου
734 1155 1058 1222 δυναστεία
1108 1153 1489 1238 στρατιώτας
1535 1152 1840 1225 ἐνόπλους
1886 1153 2020 1219 ἐκεῖ
2055 1160 2342 1238 παρεῖναι
2380 1155 2626 1241 ἐποίησε

284 1253 354 1310 11
376 1257 483 1326 καὶ
546 1259 692 1334 τοὺς
745 1258 1170 1346 ἀντιλέγοντας
1227 1259 1541 1345 ἐκφοβεῖν.
1634 1257 1888 1343 Λόμνος
1943 1257 2012 1323 δὲ
2038 1278 2039 1281 ’
2066 1259 2103 1325 6
2157 1266 2266 1345 τῆς
2311 1258 2624 1347 Ἀντιόχου

379 1363 823 1452 ὗπεσημήνατο
874 1364 994 1452 μὲν
1056 1362 1164 1431 καὶ
1228 1360 1419 1434 αὐτὸς
1483 1363 1920 1448 συναρπαγείς,
1987 1361 2113 1429 εἶτα
2178 1363 2453 1449 κατεβόα
2517 1371 2622 1430 τοῦ
2646 1376 2706 1435 10

286 1462 358 1521 12
379 1466 734 1554 Αιοσκόρου
780 1469 887 1536 καὶ
932 1467 1041 1535 τὸν
1087 1468 1242 1553 ὅρον
1290 1468 1608 1553 διέβαλλεν
1654 1466 1752 1542 ὡς
1789 1466 2075 1555 ἀσεβείας
2103 1469 2348 1554 μεστόν.
2438 1475 2622 1537 ταῦτα
2645 1483 2846 1547 Dium:

375 1572 618 1659 μαθὼν
662 1574 701 1640 6
744 1572 1034 1660 βασιλεὺς
1064 1572 1408 1645 Θεοδόσιος
1453 1570 1560 1638 καὶ
1605 1572 1678 1638 τὰ
1721 1570 1881 1639 κατὰ
1913 1571 2022 1639 τὸν
2053 1570 2412 1658 Φλαβιανὸν
2443 1572 2624 1658 γνοὺς

287 1677 359 1733 13
378 1678 445 1743 ἐν
499 1678 716 1751 αἰτίαις
766 1678 1067 1765 πεποίητο
1120 1676 1229 1744 τὸν
1281 1676 1666 1768 Χρυσάφιον
1719 1676 1828 1744 καὶ
1882 1678 2203 1763 ὠργίζετο.
2297 1678 2505 1752 δείσας
2557 1679 2623 1746 ὅὲ

377 1783 416 1847 6
463 1782 814 1868 Λιόσκορος
857 1783 1229 1869 ὑποτίθησιν
1276 1782 1455 1867 αὐτῷ’
1506 1788 1712 1849 πεῖσαι
1765 1782 1873 1848 τὸν
1925 1783 2181 1868 βασιλέα
2239 1782 2625 1869 πατριάρχην

382 1886 1108 1960 Κωνσταντινουπόλεως
1137 1886 1659 1972 προχειρίσασθαι
1680 1887 2035 1954 Ἀνατόλιον
2074 1885 2183 1952 τὸν
2228 1887 2424 1953 αὐτοῦ
2470 1888 2622 1952 (ἰπο-
2645 1897 2701 1955 15

377 1993 741 2075 κρισιάριον,
790 1993 888 2058 ἵνα
935 1992 1043 2058 καὶ
1087 1991 1196 2056 τὸν
1224 1990 1487 2076 «Εὐτυχῆ
1533 1992 1781 2076 δέξηται
1824 1990 1989 2075 πρὸς
2034 1990 2371 2057 κοινωνίαν
2416 1991 2520 2056 καὶ
2553 1991 2622 2057 τὰ

16 2095 245 2156 ΡΙΙ44Α
284 2099 353 2154 14
376 2095 537 2160 κατὰ
567 2095 676 2160 τὸν
704 2097 1024 2181 μακάριον
1056 2095 1415 2179 Φλαβιανόν
1446 2095 1626 2180 μείνῃ
1660 2095 2125 2180 ἀνεξερεύνητα.
2194 2096 2397 2160 πείθει
2426 2095 2624 2161 τοίνυν

353 2188 415 2263 ’ὅ
460 2200 754 2284 ἐκτομίας
798 2199 907 2265 τὸν
950 2199 1228 2285 βασιλέα,
1282 2199 1614 2285 εὐάγωγον
1660 2201 1830 2282 ὄντα,
1878 2196 1986 2264 καὶ
2030 2204 2463 2284 χειροτονεῖται
2489 2223 2621 2264 ,πα-

376 2303 675 2389 τριόρχης
720 2305 757 2370 6
794 2303 1169 2375 Ἂνατόλιος.

378 2518 442 2574 11
484 2520 560 2576 ὅτι
600 2526 693 2576 τοῦ
736 2520 1040 2592 Φλαβιανοῦ
1077 2520 1334 2581 θανόντος
1370 2519 1704 2592 πατριάρχης
1741 2515 2141 2592 κεχειροτόνητο
2172 2518 2462 2579 Ἀνατόλιος
2500 2516 2543 2575 C

486 2720 522 2776 2
558 2721 761 2791 κόρρης
786 2716 1042 2792 prDi‚
1079 2721 1250 2790 κόρης
1275 2716 1438 2776 ΑΒῙ)
1583 2719 1619 2776 3
1657 2724 1800 2777 anto
1836 2721 2014 2793 τρίτην
2050 2718 2190 2776 add.
2230 2717 2325 2792 τὴν
2366 2717 2428 2782 E,
2467 2734 2521 2774 v.
2548 2716 2621 2773 ad

488 2792 634 2849 xm
671 2793 758 2864 25,
798 2793 868 2850 12
1010 2793 1046 2849 5
1081 2793 1201 2854 νέας
1239 2793 1287 2850 Ε
1431 2792 1467 2849 6
1502 2792 1826 2854 ἐπισκόπους
1863 2830 2274 2849 ............
2311 2790 2621 2862 ἕπισημήνα·

489 2868 616 2923 σθαι
657 2866 704 2923 Ε
884 2866 919 2923 9
956 2867 988 2920 ό
1023 2874 1114 2937 τῆς
1149 2865 1398 2937 ἀντιόχου
1438 2862 1506 2935 Α,
1546 2867 1578 2921 ό
1615 2874 1703 2937 τῆς
1740 2864 1885 2921 ἀντιό
1920 2885 1985 2921 ου
2021 2865 2229 2927 πόλεως
2265 2865 2522 2935 πρόεδρος
2561 2861 2621 2927 R,

488 2940 521 2994 ὀ
555 2946 645 3011 τῆς
681 2938 970 3009 ἁντιογέων
1005 2938 1212 3000 πόλεως
1248 2939 1511 3009 πρόεδρος
1549 2939 1702 3011 pr
1921 2939 1957 2995 0
1992 2936 2120 3010 εἶτα]
2160 2937 2283 2993 noli
2324 2937 2622 2993 inculcare

490 3010 565 3082 δὲ,
623 3028 680 3070 v.
720 2999 857 3069 xlv
899 3013 982 3082 m,
1021 3012 1108 3069 35.
1156 3011 1265 3069 XV
1303 3011 1389 3078 25,
1427 3012 1464 3068 :i
1503 3016 1562 3068 et
1602 3010 2082 3068 Bacumlcinium
2134 3011 2365 3068 Unice-⁸.
2406 3010 2499 3066 ab.
2533 3022 2619 3081 pr.

493 3085 657 3142 I'art.
696 3083 1008 3159 Stuigard.
1051 3085 1186 3142 1861
1229 3101 1286 3158 p.
1328 3085 1492 3143 1700
1639 3083 1706 3141 16
1741 3084 1816 3147 είς
1853 3104 1991 3140 κοιν.
2030 3082 2079 3140 Β

320 3290 625 3370 8destitit,
683 3315 865 3372 quam
915 3298 1170 3356 coneilio
1216 3299 1567 3372 expulisset.
1643 3299 1736 3356 Ita
1785 3314 1863 3356 ex
1913 3298 2178 3372 pectoris
2227 3298 2484 3354 vulnere
2532 3294 2621 3351 iile

378 3377 627 3432 sanctus
667 3378 803 3444 post
842 3373 1000 3428 diem
1040 3374 1281 3429 tertium
1323 3373 1511 3429 vitam
1550 3372 1763 3442 finivit,
1802 3388 1938 3429 eum
1967 3369 2025 3427 11
2063 3386 2174 3443 per
2210 3386 2404 3426 annos
2443 3368 2623 3441 ponti·

320 3436 595 3501 9flcatus
652 3461 853 3502 novae
898 3445 1129 3502 Romae
1182 3451 1458 3502 ornasset
1505 3445 1808 3502 thronum.
1884 3444 2216 3501 Dioscorus
2263 3448 2466 3500 autem
2512 3439 2624 3513 epi·

284 3510 359 3567 10
378 3532 613 3589 scopos,
655 3520 756 3590 qui
786 3518 905 3574 illic
931 3518 1207 3588 aderant,
1251 3519 1373 3589 legi
1412 3535 1451 3573 a
1488 3534 1555 3574 se
1587 3518 1770 3574 datae
1807 3517 2193 3573 subscribere
2227 3516 2453 3587 coegit3
2491 3528 2622 3570 nam

378 3590 662 3658 eunuchi,
719 3605 901 3662 quem
949 3591 1576 3660 commemoravimus,
1634 3594 1935 3662 potestate
1983 3590 2200 3646 milites
2247 3588 2461 3644 armati
2512 3584 2624 3641 illic

284 3654 353 3712 ll
377 3661 594 3719 adesse
634 3664 780 3718 iussi
819 3669 995 3719 erant
1033 3667 1093 3719 et
1119 3662 1519 3719 adversantes
1548 3668 1904 3734 perterrere.
1981 3661 2101 3719 Sed
2128 3661 2404 3718 Domuus
2429 3659 2624 3716 Antio·

378 3734 607 3791 chenus
648 3751 784 3791 cum
826 3739 886 3791 et
923 3737 1054 3806 ipse
1080 3739 1398 3804 correptus
1425 3735 1897 3806 subscripsisset,
1938 3740 2062 3790 tum
2090 3734 2395 3790 clamabat
2422 3736 2624 3787 contra
2674 3801 2677 3806 ι

377 3805 740 3863 Dioscorum
793 3813 855 3863 et
904 3808 1064 3863 illam
1114 3807 1311 3877 legem
1363 3806 1816 3878 perstringebat
1856 3822 1989 3864 esse
2028 3807 2337 3879 impietate
2378 3804 2622 3875 plenam.

283 3872 357 3930 12
378 3878 613 3945 Quibus
662 3879 885 3936 auditis
934 3884 994 3937 et
1041 3877 1318 3936 Flaviani
1366 3878 1551 3936 rebus
1597 3880 1858 3945 cog-uitis
1896 3878 2279 3936 Theodosius
2329 3890 2494 3935 reum
2549 3875 2624 3929 i'a·

281 3945 357 4003 13
378 3950 579 4008 ciebat
619 3949 1060 4024 chrysaphium
1103 3951 1282 4023 eique
1321 3950 1718 4008 irascebatur.
1794 3949 1913 4009 Sed
1961 3951 2176 4024 plenus
2214 3950 2426 4008 timore
2466 3945 2624 4001 Dios·

377 4038 560 4079 eorus
618 4023 993 4097 chrysaphio
1048 4023 1287 4092 subicit,
1342 4027 1412 4080 ut
1469 4025 1602 4093 regi
1660 4023 2049 4095 persuadeat,
2104 4028 2173 4081 ut
2231 4017 2622 4096 patriarcham

378 4094 762 4168 Cpolitanum
804 4097 990 4153 faciat
1027 4094 1395 4166 Anatolium,
1453 4095 1914 4168 apocrisiarium
1960 4111 2156 4166 suum,
2213 4094 2317 4166 qui
2357 4099 2415 4149 ct
2455 4090 2623 4159 Euty·

378 4168 551 4225 chem
590 4168 845 4241 recipiat
884 4169 962 4225 ad
1001 4170 1351 4226 societatem
1392 4183 1595 4240 neque
1634 4168 1711 4225 «ie
1748 4169 1934 4225 rebus
1960 4167 2238 4225 Flaviani
2265 4164 2425 4223 beati
2454 4174 2623 4234 quac-

276 4236 355 4297 14
376 4240 634 4298 stionem
664 4239 904 4297 habeat.
981 4241 1318 4298 persuadet
1345 4241 1663 4298 eunuchus
1699 4241 1849 4314 regi,
1889 4242 1991 4315 qui
2033 4240 2212 4297 facile
2252 4236 2446 4313 potuit
2482 4229 2623 4304 regi,

377 4319 440 4372 et
479 4318 724 4369 creatur
763 4314 1112 4385 patriarcha
1149 4312 1488 4372 Anatolius.
