<?xml version="1.0" encoding="UTF-8"?>
<!DOCTYPE html PUBLIC "-//W3C//DTD XHTML 1.0 Transitional//EN"
    "http://www.w3.org/TR/xhtml1/DTD/xhtml1-transitional.dtd">
<html xmlns="http://www.w3.org/1999/xhtml" xml:lang="en" lang="en">
 <head>
  <title>
</title>
<meta http-equiv="Content-Type" content="text/html;charset=utf-8" />
  <meta name='ocr-system' content='tesseract 3.04.00' />
  <meta name='ocr-capabilities' content='ocr_page ocr_carea ocr_par ocr_line ocrx_word'/>
</head>
<body>
  <div class='ocr_page' id='page_1' title='image "./corpusscriptoru13berlgoog_0059.png"; bbox 0 0 2870 4966; ppageno 0'>
   <div class='ocr_carea' id='block_1_1' title="bbox 384 312 2037 399">
    <p class='ocr_par' dir='ltr' id='par_1_1' title="bbox 384 312 2037 399">
     <span class='ocr_line' id='line_1_1' title="bbox 384 312 2037 399; baseline -0.001 -13"><span class='ocrx_word' id='word_1_1' title='bbox 384 322 459 386; x_wconf 60' lang='grc' dir='ltr'><strong><em>ρο</em></strong></span> <span class='ocrx_word' id='word_1_2' title='bbox 1008 312 1285 388; x_wconf 77' lang='lat' dir='ltr'>ZONAR.</span> <span class='ocrx_word' id='word_1_3' title='bbox 1323 319 1526 384; x_wconf 72' lang='grc' dir='ltr'><strong><em>εειτ.</em></strong></span> <span class='ocrx_word' id='word_1_4' title='bbox 1563 314 1716 381; x_wconf 85' lang='lat' dir='ltr'><strong><em>xm</em></strong></span> <span class='ocrx_word' id='word_1_5' title='bbox 1746 319 1803 399; x_wconf 80' lang='grc' dir='ltr'><strong><em>ι,</em></strong></span> <span class='ocrx_word' id='word_1_6' title='bbox 1839 317 2037 386; x_wconf 80' lang='lat'><strong>2-11.</strong></span> 
     </span>
    </p>
   </div>
   <div class='ocr_carea' id='block_1_2' title="bbox 22 499 2849 2480">
    <p class='ocr_par' dir='ltr' id='par_1_2' title="bbox 22 499 2849 2480">
     <span class='ocr_line' id='line_1_2' title="bbox 389 499 2646 601; baseline 0 -22"><span class='ocrx_word' id='word_1_7' title='bbox 389 509 513 600; x_wconf 82' lang='grc' dir='ltr'><strong><em>γὰρ</em></strong></span> <span class='ocrx_word' id='word_1_8' title='bbox 544 506 871 601; x_wconf 81' lang='grc' dir='ltr'><strong><em>Ὦριγένης</em></strong></span> <span class='ocrx_word' id='word_1_9' title='bbox 912 512 1080 599; x_wconf 84' lang='grc' dir='ltr'><strong><em>πρὸς</em></strong></span> <span class='ocrx_word' id='word_1_10' title='bbox 1123 513 1339 587; x_wconf 80' lang='grc' dir='ltr'><strong><em>ἄλλαις</em></strong></span> <span class='ocrx_word' id='word_1_11' title='bbox 1380 511 1690 587; x_wconf 78' lang='grc' dir='ltr'><strong><em>πλείσταις</em></strong></span> <span class='ocrx_word' id='word_1_12' title='bbox 1735 511 1950 589; x_wconf 78' lang='grc' dir='ltr'><strong><em>δόξαις</em></strong></span> <span class='ocrx_word' id='word_1_13' title='bbox 1991 499 2493 598; x_wconf 70' lang='grc' dir='ltr'><strong><em>διεφθαρμέναις</em></strong></span> <span class='ocrx_word' id='word_1_14' title='bbox 2537 506 2646 580; x_wconf 71' lang='grc' dir='ltr'><strong><em>καὶ</em></strong></span> 
     </span>
     <span class='ocr_line' id='line_1_3' title="bbox 385 613 2647 704; baseline 0 -23"><span class='ocrx_word' id='word_1_15' title='bbox 385 615 497 682; x_wconf 85' lang='grc' dir='ltr'><strong><em>τδν</em></strong></span> <span class='ocrx_word' id='word_1_16' title='bbox 546 623 867 704; x_wconf 76' lang='grc' dir='ltr'><em>μονογενῆ</em></span> <span class='ocrx_word' id='word_1_17' title='bbox 918 617 1059 684; x_wconf 72' lang='grc' dir='ltr'><strong><em>υἱὸν</em></strong></span> <span class='ocrx_word' id='word_1_18' title='bbox 1110 623 1224 685; x_wconf 86' lang='grc' dir='ltr'><strong><em>τοῦ</em></strong></span> <span class='ocrx_word' id='word_1_19' title='bbox 1275 617 1439 683; x_wconf 72' lang='grc' dir='ltr'><strong><em>θεοῦ</em></strong></span> <span class='ocrx_word' id='word_1_20' title='bbox 1494 614 1739 683; x_wconf 84' lang='grc' dir='ltr'><strong><em>κτιστὸν</em></strong></span> <span class='ocrx_word' id='word_1_21' title='bbox 1789 616 1899 683; x_wconf 80' lang='grc' dir='ltr'><strong><em>καὶ</em></strong></span> <span class='ocrx_word' id='word_1_22' title='bbox 1951 613 2275 700; x_wconf 81' lang='grc' dir='ltr'><strong><em>ἀλλότριον</em></strong></span> <span class='ocrx_word' id='word_1_23' title='bbox 2328 613 2482 682; x_wconf 74' lang='grc' dir='ltr'><strong><em>εἶναι</em></strong></span> <span class='ocrx_word' id='word_1_24' title='bbox 2535 622 2647 703; x_wconf 90' lang='grc' dir='ltr'><strong><em>τῆς</em></strong></span> 
     </span>
     <span class='ocr_line' id='line_1_4' title="bbox 387 718 2849 808; baseline 0.002 -23"><span class='ocrx_word' id='word_1_25' title='bbox 387 719 607 794; x_wconf 77' lang='grc' dir='ltr'><strong><em>οὐσίας</em></strong></span> <span class='ocrx_word' id='word_1_26' title='bbox 649 726 762 808; x_wconf 87' lang='grc' dir='ltr'><strong><em>τῆς</em></strong></span> <span class='ocrx_word' id='word_1_27' title='bbox 818 726 1127 808; x_wconf 74' lang='grc' dir='ltr'><strong><em>πατρικῆς</em></strong></span> <span class='ocrx_word' id='word_1_28' title='bbox 1182 721 1554 807; x_wconf 76' lang='grc' dir='ltr'><strong><em>εἰσηγήσατο</em></strong></span> <span class='ocrx_word' id='word_1_29' title='bbox 1609 718 1718 787; x_wconf 71' lang='grc' dir='ltr'><strong><em>καὶ</em></strong></span> <span class='ocrx_word' id='word_1_30' title='bbox 1770 719 1865 807; x_wconf 83' lang='grc' dir='ltr'><strong><em>μὴ</em></strong></span> <span class='ocrx_word' id='word_1_31' title='bbox 1922 718 2275 805; x_wconf 76' lang='grc' dir='ltr'><strong><em>δυνάμενον</em></strong></span> <span class='ocrx_word' id='word_1_32' title='bbox 2325 718 2487 806; x_wconf 81' lang='grc' dir='ltr'><strong><em>δρᾶν</em></strong></span> <span class='ocrx_word' id='word_1_33' title='bbox 2537 718 2648 786; x_wconf 85' lang='grc' dir='ltr'><strong><em>τὸν</em></strong></span> <span class='ocrx_word' id='word_1_34' title='bbox 2665 727 2721 787; x_wconf 93' lang='lat' dir='ltr'>D</span> <span class='ocrx_word' id='word_1_35' title='bbox 2748 729 2849 791; x_wconf 89' lang='lat'>111:</span> 
     </span>
     <span class='ocr_line' id='line_1_5' title="bbox 330 822 2648 915; baseline 0 -26"><span class='ocrx_word' id='word_1_36' title='bbox 330 824 645 915; x_wconf 84' lang='grc' dir='ltr'><strong><em>8πατέρα,</em></strong></span> <span class='ocrx_word' id='word_1_37' title='bbox 710 824 819 890; x_wconf 78' lang='grc' dir='ltr'><strong><em>καὶ</em></strong></span> <span class='ocrx_word' id='word_1_38' title='bbox 880 823 1073 891; x_wconf 72' lang='grc' dir='ltr'><strong><em>αὐτὸν</em></strong></span> <span class='ocrx_word' id='word_1_39' title='bbox 1131 824 1202 891; x_wconf 87' lang='grc' dir='ltr'><strong><em>δὲ</em></strong></span> <span class='ocrx_word' id='word_1_40' title='bbox 1253 823 1363 891; x_wconf 84' lang='grc' dir='ltr'><strong><em>τὸν</em></strong></span> <span class='ocrx_word' id='word_1_41' title='bbox 1416 823 1556 890; x_wconf 74' lang='grc' dir='ltr'><strong><em>υἱὸν</em></strong></span> <span class='ocrx_word' id='word_1_42' title='bbox 1612 822 1889 908; x_wconf 79' lang='grc' dir='ltr'><strong><em>ἀόρατον</em></strong></span> <span class='ocrx_word' id='word_1_43' title='bbox 1941 824 2145 910; x_wconf 80' lang='grc' dir='ltr'><strong><em>εἰσῆγε</em></strong></span> <span class='ocrx_word' id='word_1_44' title='bbox 2188 824 2511 910; x_wconf 79' lang='grc' dir='ltr'><strong><em>τυγχάνειν</em></strong></span> <span class='ocrx_word' id='word_1_45' title='bbox 2552 830 2648 909; x_wconf 77' lang='grc' dir='ltr'><strong><em>τῷ</em></strong></span> 
     </span>
     <span class='ocr_line' id='line_1_6' title="bbox 386 927 2701 1015; baseline 0 -22"><span class='ocrx_word' id='word_1_46' title='bbox 386 928 714 1014; x_wconf 52' lang='grc' dir='ltr'><strong><em>πνεύματιρ</em></strong></span> <span class='ocrx_word' id='word_1_47' title='bbox 773 929 847 994; x_wconf 84' lang='grc' dir='ltr'><strong><em>ἐκ</em></strong></span> <span class='ocrx_word' id='word_1_48' title='bbox 906 934 1019 995; x_wconf 82' lang='grc' dir='ltr'><strong><em>τοῦ</em></strong></span> <span class='ocrx_word' id='word_1_49' title='bbox 1074 935 1363 1015; x_wconf 87' lang='grc' dir='ltr'><strong><em>πονηροῦ</em></strong></span> <span class='ocrx_word' id='word_1_50' title='bbox 1420 929 1759 1014; x_wconf 75' lang='grc' dir='ltr'><strong><em>θησαυροῦ</em></strong></span> <span class='ocrx_word' id='word_1_51' title='bbox 1804 933 1915 1014; x_wconf 91' lang='grc' dir='ltr'><strong><em>τῆς</em></strong></span> <span class='ocrx_word' id='word_1_52' title='bbox 1959 927 2228 1012; x_wconf 76' lang='grc' dir='ltr'><strong><em>καρδίας</em></strong></span> <span class='ocrx_word' id='word_1_53' title='bbox 2272 927 2468 994; x_wconf 83' lang='grc' dir='ltr'><strong><em>αὐτοῦ</em></strong></span> <span class='ocrx_word' id='word_1_54' title='bbox 2514 928 2646 1004; x_wconf 76' lang='grc' dir='ltr'><strong><em>ἐξε-</em></strong></span> <span class='ocrx_word' id='word_1_55' title='bbox 2664 929 2701 986; x_wconf 78' lang='grc' dir='ltr'><strong>ὖ</strong></span> 
     </span>
     <span class='ocr_line' id='line_1_7' title="bbox 309 1027 2647 1119; baseline 0 -23"><span class='ocrx_word' id='word_1_56' title='bbox 309 1036 368 1096; x_wconf 90' lang='lat' dir='ltr'>D</span> <span class='ocrx_word' id='word_1_57' title='bbox 387 1032 774 1118; x_wconf 87' lang='grc' dir='ltr'><strong><em>ρευγόμενος</em></strong></span> <span class='ocrx_word' id='word_1_58' title='bbox 816 1032 990 1099; x_wconf 80' lang='grc' dir='ltr'><strong><em>ταυτὶ</em></strong></span> <span class='ocrx_word' id='word_1_59' title='bbox 1033 1031 1109 1098; x_wconf 84' lang='grc' dir='ltr'><strong><em>τὰ</em></strong></span> <span class='ocrx_word' id='word_1_60' title='bbox 1155 1031 1496 1119; x_wconf 82' lang='grc' dir='ltr'><strong><em>ἀπόφημα,</em></strong></span> <span class='ocrx_word' id='word_1_61' title='bbox 1550 1027 1683 1097; x_wconf 82' lang='grc' dir='ltr'><strong><em>ἀλλ’</em></strong></span> <span class='ocrx_word' id='word_1_62' title='bbox 1734 1029 1898 1117; x_wconf 86' lang='grc' dir='ltr'><strong><em>ἦσαν</em></strong></span> <span class='ocrx_word' id='word_1_63' title='bbox 1944 1030 2011 1097; x_wconf 88' lang='grc' dir='ltr'><strong><em>ἐν</em></strong></span> <span class='ocrx_word' id='word_1_64' title='bbox 2052 1029 2276 1117; x_wconf 85' lang='grc' dir='ltr'><strong><em>μόνοις</em></strong></span> <span class='ocrx_word' id='word_1_65' title='bbox 2321 1031 2647 1117; x_wconf 85' lang='grc' dir='ltr'><strong><em>γράμμασι</em></strong></span> 
     </span>
     <span class='ocr_line' id='line_1_8' title="bbox 330 1134 2649 1223; baseline 0.001 -25"><span class='ocrx_word' id='word_1_66' title='bbox 330 1135 645 1221; x_wconf 82' lang='grc' dir='ltr'><strong><em>4κείμενα</em></strong></span> <span class='ocrx_word' id='word_1_67' title='bbox 708 1136 1027 1223; x_wconf 88' lang='grc' dir='ltr'><strong><em>σεσίγηντό</em></strong></span> <span class='ocrx_word' id='word_1_68' title='bbox 1083 1160 1149 1203; x_wconf 86' lang='grc' dir='ltr'><strong><em>τε</em></strong></span> <span class='ocrx_word' id='word_1_69' title='bbox 1202 1135 1310 1202; x_wconf 80' lang='grc' dir='ltr'><strong><em>καὶ</em></strong></span> <span class='ocrx_word' id='word_1_70' title='bbox 1367 1137 1556 1202; x_wconf 79' lang='grc' dir='ltr'><strong><em>οὔπω</em></strong></span> <span class='ocrx_word' id='word_1_71' title='bbox 1622 1134 2134 1221; x_wconf 85' lang='grc' dir='ltr'><strong><em>δεδημοσίευντο·</em></strong></span> <span class='ocrx_word' id='word_1_72' title='bbox 2199 1134 2238 1200; x_wconf 85' lang='grc' dir='ltr'><strong><em>δ</em></strong></span> <span class='ocrx_word' id='word_1_73' title='bbox 2280 1135 2524 1220; x_wconf 79' lang='grc' dir='ltr'><strong><em>Ἄρειος</em></strong></span> <span class='ocrx_word' id='word_1_74' title='bbox 2579 1135 2649 1201; x_wconf 87' lang='grc' dir='ltr'><strong><em>δὲ</em></strong></span> 
     </span>
     <span class='ocr_line' id='line_1_9' title="bbox 388 1238 2650 1327; baseline 0 -22"><span class='ocrx_word' id='word_1_75' title='bbox 388 1239 476 1313; x_wconf 79' lang='grc' dir='ltr'><strong><em>είς</em></strong></span> <span class='ocrx_word' id='word_1_76' title='bbox 518 1246 849 1326; x_wconf 83' lang='grc' dir='ltr'><strong><em>προῦπτον</em></strong></span> <span class='ocrx_word' id='word_1_77' title='bbox 891 1245 1083 1307; x_wconf 80' lang='grc' dir='ltr'><strong><em>ταῦτα</em></strong></span> <span class='ocrx_word' id='word_1_78' title='bbox 1130 1241 1485 1327; x_wconf 85' lang='grc' dir='ltr'><strong><em>προήνεγκε</em></strong></span> <span class='ocrx_word' id='word_1_79' title='bbox 1529 1239 1638 1307; x_wconf 77' lang='grc' dir='ltr'><strong><em>καὶ</em></strong></span> <span class='ocrx_word' id='word_1_80' title='bbox 1684 1239 1784 1305; x_wconf 80' lang='grc' dir='ltr'><strong><em>ἐπὶ</em></strong></span> <span class='ocrx_word' id='word_1_81' title='bbox 1829 1244 1958 1305; x_wconf 89' lang='grc' dir='ltr'><strong><em>τῶν</em></strong></span> <span class='ocrx_word' id='word_1_82' title='bbox 2006 1238 2328 1325; x_wconf 81' lang='grc' dir='ltr'><strong><em>δωμάτων</em></strong></span> <span class='ocrx_word' id='word_1_83' title='bbox 2380 1239 2650 1326; x_wconf 78' lang='grc' dir='ltr'><strong><em>ἐκήρυξε</em></strong></span> 
     </span>
     <span class='ocr_line' id='line_1_10' title="bbox 385 1342 2649 1432; baseline -0.001 -21"><span class='ocrx_word' id='word_1_84' title='bbox 385 1342 496 1411; x_wconf 83' lang='grc' dir='ltr'><strong><em>καὶ</em></strong></span> <span class='ocrx_word' id='word_1_85' title='bbox 542 1344 816 1418; x_wconf 84' lang='grc' dir='ltr'><strong><em>πολλοὺς</em></strong></span> <span class='ocrx_word' id='word_1_86' title='bbox 860 1346 948 1419; x_wconf 80' lang='grc' dir='ltr'><strong><em>εἷς</em></strong></span> <span class='ocrx_word' id='word_1_87' title='bbox 993 1345 1283 1432; x_wconf 82' lang='grc' dir='ltr'><strong><em>ἀσέβειαν</em></strong></span> <span class='ocrx_word' id='word_1_88' title='bbox 1318 1345 1681 1412; x_wconf 78' lang='grc' dir='ltr'><strong><em>ὑπεσκέλισε</em></strong></span> <span class='ocrx_word' id='word_1_89' title='bbox 1710 1344 2025 1430; x_wconf 70' lang='grc' dir='ltr'><strong><em>θορύβων</em></strong></span> <span class='ocrx_word' id='word_1_90' title='bbox 2046 1355 2118 1409; x_wconf 83' lang='grc' dir='ltr'><strong><em>’τε</em></strong></span> <span class='ocrx_word' id='word_1_91' title='bbox 2148 1343 2255 1409; x_wconf 78' lang='grc' dir='ltr'><strong><em>καὶ</em></strong></span> <span class='ocrx_word' id='word_1_92' title='bbox 2286 1344 2649 1430; x_wconf 84' lang='grc' dir='ltr'><strong><em>σχισμάτων</em></strong></span> 
     </span>
     <span class='ocr_line' id='line_1_11' title="bbox 329 1447 2742 1536; baseline -0.001 -24"><span class='ocrx_word' id='word_1_93' title='bbox 329 1456 369 1512; x_wconf 77' lang='lat'><strong>5</strong></span> <span class='ocrx_word' id='word_1_94' title='bbox 386 1448 498 1521; x_wconf 83' lang='grc' dir='ltr'><strong><em>τὰς</em></strong></span> <span class='ocrx_word' id='word_1_95' title='bbox 562 1449 898 1534; x_wconf 78' lang='grc' dir='ltr'><strong><em>ἐκκλησίας</em></strong></span> <span class='ocrx_word' id='word_1_96' title='bbox 961 1449 1314 1536; x_wconf 73' lang='grc' dir='ltr'><strong><em>ἐνέπλησεν.</em></strong></span> <span class='ocrx_word' id='word_1_97' title='bbox 1426 1451 1466 1515; x_wconf 84' lang='grc' dir='ltr'>ὃ</span> <span class='ocrx_word' id='word_1_98' title='bbox 1524 1447 1712 1534; x_wconf 84' lang='grc' dir='ltr'><strong><em>γνοὺς</em></strong></span> <span class='ocrx_word' id='word_1_99' title='bbox 1766 1449 1805 1514; x_wconf 85' lang='grc' dir='ltr'>ὁ</span> <span class='ocrx_word' id='word_1_100' title='bbox 1859 1449 2299 1534; x_wconf 82' lang='grc' dir='ltr'><strong><em>εὐσεβέστατος</em></strong></span> <span class='ocrx_word' id='word_1_101' title='bbox 2359 1448 2648 1535; x_wconf 77' lang='grc' dir='ltr'><strong><em>βασιλεὺς</em></strong></span> <span class='ocrx_word' id='word_1_102' title='bbox 2672 1454 2742 1511; x_wconf 88' lang='grc'><strong><em>10</em></strong></span> 
     </span>
     <span class='ocr_line' id='line_1_12' title="bbox 388 1552 2650 1644; baseline 0 -25"><span class='ocrx_word' id='word_1_103' title='bbox 388 1554 625 1627; x_wconf 85' lang='grc' dir='ltr'><strong><em>ἐκεῖνος</em></strong></span> <span class='ocrx_word' id='word_1_104' title='bbox 670 1554 738 1619; x_wconf 83' lang='grc' dir='ltr'><strong><em>ἐν</em></strong></span> <span class='ocrx_word' id='word_1_105' title='bbox 783 1552 1024 1639; x_wconf 81' lang='grc' dir='ltr'><strong><em>Νικαίᾳ</em></strong></span> <span class='ocrx_word' id='word_1_106' title='bbox 1077 1561 1153 1641; x_wconf 80' lang='grc' dir='ltr'><strong><em>τῇ</em></strong></span> <span class='ocrx_word' id='word_1_107' title='bbox 1201 1555 1509 1621; x_wconf 79' lang='grc' dir='ltr'><strong><em>Βιθυνῶν</em></strong></span> <span class='ocrx_word' id='word_1_108' title='bbox 1563 1554 1886 1620; x_wconf 76' lang='grc' dir='ltr'><strong><em>συνελθεῖν</em></strong></span> <span class='ocrx_word' id='word_1_109' title='bbox 1940 1552 2087 1626; x_wconf 83' lang='grc' dir='ltr'><strong><em>τοὺς</em></strong></span> <span class='ocrx_word' id='word_1_110' title='bbox 2142 1558 2273 1619; x_wconf 88' lang='grc' dir='ltr'><strong><em>τῶν</em></strong></span> <span class='ocrx_word' id='word_1_111' title='bbox 2311 1554 2650 1644; x_wconf 80' lang='grc' dir='ltr'><strong><em>ἐπαρχιῶν</em></strong></span> 
     </span>
     <span class='ocr_line' id='line_1_13' title="bbox 280 1648 2648 1744; baseline 0 -22"><span class='ocrx_word' id='word_1_112' title='bbox 280 1698 283 1699; x_wconf 31' lang='lat'><em>⁷</em></span> <span class='ocrx_word' id='word_1_113' title='bbox 388 1656 773 1730; x_wconf 77' lang='grc' dir='ltr'><strong><em>ἐπισκόπους</em></strong></span> <span class='ocrx_word' id='word_1_114' title='bbox 819 1659 1105 1725; x_wconf 80' lang='grc' dir='ltr'><strong><em>ἐκέλευσε</em></strong></span> <span class='ocrx_word' id='word_1_115' title='bbox 1136 1660 1265 1743; x_wconf 84' lang='grc' dir='ltr'><strong><em>καί,</em></strong></span> <span class='ocrx_word' id='word_1_116' title='bbox 1314 1659 1797 1744; x_wconf 73' lang='grc' dir='ltr'><strong><em>ἀθροισθέντων</em></strong></span> <span class='ocrx_word' id='word_1_117' title='bbox 1842 1648 1913 1722; x_wconf 83' lang='grc' dir='ltr'><strong><em>τι’</em></strong></span> <span class='ocrx_word' id='word_1_118' title='bbox 1958 1657 2066 1723; x_wconf 76' lang='grc' dir='ltr'><strong><em>καὶ</em></strong></span> <span class='ocrx_word' id='word_1_119' title='bbox 2112 1652 2173 1744; x_wconf 83' lang='grc' dir='ltr'><strong><em>η’</em></strong></span> <span class='ocrx_word' id='word_1_120' title='bbox 2218 1657 2417 1742; x_wconf 82' lang='grc' dir='ltr'><strong><em>ἁγίων</em></strong></span> <span class='ocrx_word' id='word_1_121' title='bbox 2460 1659 2648 1723; x_wconf 88' lang='grc' dir='ltr'><strong><em>πατέ-</em></strong></span> 
     </span>
     <span class='ocr_line' id='line_1_14' title="bbox 387 1760 2650 1848; baseline 0 -22"><span class='ocrx_word' id='word_1_122' title='bbox 387 1784 547 1845; x_wconf 82' lang='grc' dir='ltr'><strong><em>ρων,</em></strong></span> <span class='ocrx_word' id='word_1_123' title='bbox 606 1761 673 1826; x_wconf 84' lang='grc' dir='ltr'><strong><em>ἐν</em></strong></span> <span class='ocrx_word' id='word_1_124' title='bbox 727 1761 822 1834; x_wconf 80' lang='grc' dir='ltr'><strong><em>οῖς</em></strong></span> <span class='ocrx_word' id='word_1_125' title='bbox 876 1760 1040 1848; x_wconf 82' lang='grc' dir='ltr'><strong><em>ἦσαν</em></strong></span> <span class='ocrx_word' id='word_1_126' title='bbox 1094 1762 1201 1828; x_wconf 79' lang='grc' dir='ltr'><strong><em>καὶ</em></strong></span> <span class='ocrx_word' id='word_1_127' title='bbox 1256 1764 1439 1847; x_wconf 77' lang='grc' dir='ltr'><strong><em>ἱερεῖς</em></strong></span> <span class='ocrx_word' id='word_1_128' title='bbox 1490 1786 1646 1835; x_wconf 87' lang='grc' dir='ltr'><strong><em>τινες</em></strong></span> <span class='ocrx_word' id='word_1_129' title='bbox 1699 1761 1809 1827; x_wconf 82' lang='grc' dir='ltr'><strong><em>καὶ</em></strong></span> <span class='ocrx_word' id='word_1_130' title='bbox 1867 1762 2168 1846; x_wconf 81' lang='grc' dir='ltr'><strong><em>διάκονοι,</em></strong></span> <span class='ocrx_word' id='word_1_131' title='bbox 2229 1761 2383 1828; x_wconf 82' lang='grc' dir='ltr'><strong><em>ἀλλὰ</em></strong></span> <span class='ocrx_word' id='word_1_132' title='bbox 2437 1764 2650 1848; x_wconf 79' lang='grc' dir='ltr'><strong><em>μέντοι</em></strong></span> 
     </span>
     <span class='ocr_line' id='line_1_15' title="bbox 329 1863 2718 1952; baseline 0 -20"><span class='ocrx_word' id='word_1_133' title='bbox 329 1863 495 1932; x_wconf 73' lang='grc' dir='ltr'><strong><em>ὃκαὶ</em></strong></span> <span class='ocrx_word' id='word_1_134' title='bbox 542 1865 821 1950; x_wconf 85' lang='grc' dir='ltr'><strong><em>μοναχοί</em></strong></span> <span class='ocrx_word' id='word_1_135' title='bbox 881 1866 1010 1951; x_wconf 81' lang='grc' dir='ltr'><strong><em>(ὅτε</em></strong></span> <span class='ocrx_word' id='word_1_136' title='bbox 1055 1866 1163 1932; x_wconf 77' lang='grc' dir='ltr'><strong><em>καὶ</em></strong></span> <span class='ocrx_word' id='word_1_137' title='bbox 1206 1865 1245 1932; x_wconf 83' lang='grc' dir='ltr'>ὀ</span> <span class='ocrx_word' id='word_1_138' title='bbox 1287 1868 1491 1952; x_wconf 81' lang='grc' dir='ltr'><strong><em>μέγας</em></strong></span> <span class='ocrx_word' id='word_1_139' title='bbox 1539 1866 1911 1939; x_wconf 72' lang='grc' dir='ltr'><strong><em>Ἀθανάσιος</em></strong></span> <span class='ocrx_word' id='word_1_140' title='bbox 1956 1867 2091 1931; x_wconf 78' lang='grc' dir='ltr'><strong><em>ἐκεῖ</em></strong></span> <span class='ocrx_word' id='word_1_141' title='bbox 2126 1873 2340 1952; x_wconf 86' lang='grc' dir='ltr'><strong><em>παρῆν</em></strong></span> <span class='ocrx_word' id='word_1_142' title='bbox 2382 1874 2476 1951; x_wconf 76' lang='grc' dir='ltr'><strong><em>τῷ</em></strong></span> <span class='ocrx_word' id='word_1_143' title='bbox 2519 1871 2651 1933; x_wconf 88' lang='grc' dir='ltr'><strong><em>τῶν</em></strong></span> <span class='ocrx_word' id='word_1_144' title='bbox 2713 1892 2718 1898; x_wconf 90' lang='lat'><em>·</em></span> 
     </span>
     <span class='ocr_line' id='line_1_16' title="bbox 390 1967 2741 2059; baseline 0.002 -26"><span class='ocrx_word' id='word_1_145' title='bbox 390 1967 714 2036; x_wconf 87' lang='grc' dir='ltr'><strong><em>διακόνων</em></strong></span> <span class='ocrx_word' id='word_1_146' title='bbox 758 1970 843 2036; x_wconf 77' lang='grc' dir='ltr'><strong><em>ἔτι</em></strong></span> <span class='ocrx_word' id='word_1_147' title='bbox 888 1971 1360 2059; x_wconf 80' lang='grc' dir='ltr'><strong><em>κατειλεγμένος</em></strong></span> <span class='ocrx_word' id='word_1_148' title='bbox 1406 1972 1504 2037; x_wconf 84' lang='grc' dir='ltr'><strong><em>ὢν</em></strong></span> <span class='ocrx_word' id='word_1_149' title='bbox 1547 1970 1834 2056; x_wconf 81' lang='grc' dir='ltr'><strong><em>τάγματι)</em></strong></span> <span class='ocrx_word' id='word_1_150' title='bbox 1891 1970 2000 2037; x_wconf 83' lang='grc' dir='ltr'><strong><em>καὶ</em></strong></span> <span class='ocrx_word' id='word_1_151' title='bbox 2058 1970 2248 2044; x_wconf 76' lang='grc' dir='ltr'><strong><em>αὐτὸς</em></strong></span> <span class='ocrx_word' id='word_1_152' title='bbox 2292 1971 2331 2037; x_wconf 88' lang='grc' dir='ltr'><strong><em>δ</em></strong></span> <span class='ocrx_word' id='word_1_153' title='bbox 2375 1994 2648 2059; x_wconf 88' lang='grc' dir='ltr'><strong><em>χριστια-</em></strong></span> <span class='ocrx_word' id='word_1_154' title='bbox 2672 1980 2741 2038; x_wconf 74' lang='grc' dir='ltr'><strong>Ῑῦ</strong></span> 
     </span>
     <span class='ocr_line' id='line_1_17' title="bbox 22 2073 2651 2166; baseline 0 -22"><span class='ocrx_word' id='word_1_155' title='bbox 22 2154 23 2157; x_wconf 10' lang='lat'>¹</span> <span class='ocrx_word' id='word_1_156' title='bbox 95 2081 284 2145; x_wconf 65' lang='lat'><strong><em>9119</em></strong></span> <span class='ocrx_word' id='word_1_157' title='bbox 307 2073 734 2149; x_wconf 83' lang='grc' dir='ltr'><strong><em>Ανικώτατος</em></strong></span> <span class='ocrx_word' id='word_1_158' title='bbox 776 2074 1069 2162; x_wconf 76' lang='grc' dir='ltr'><strong><em>βασιλεὺς</em></strong></span> <span class='ocrx_word' id='word_1_159' title='bbox 1114 2075 1376 2164; x_wconf 76' lang='grc' dir='ltr'><strong><em>ἀφίκετο</em></strong></span> <span class='ocrx_word' id='word_1_160' title='bbox 1420 2073 1587 2163; x_wconf 85' lang='grc' dir='ltr'><strong><em>πρὸς</em></strong></span> <span class='ocrx_word' id='word_1_161' title='bbox 1630 2074 1743 2162; x_wconf 80' lang='grc' dir='ltr'><strong><em>τὴν</em></strong></span> <span class='ocrx_word' id='word_1_162' title='bbox 1783 2073 2060 2143; x_wconf 84' lang='grc' dir='ltr'><strong><em>Νίκαιαν</em></strong></span> <span class='ocrx_word' id='word_1_163' title='bbox 2104 2075 2212 2143; x_wconf 75' lang='grc' dir='ltr'><strong><em>καὶ</em></strong></span> <span class='ocrx_word' id='word_1_164' title='bbox 2258 2077 2651 2166; x_wconf 74' lang='grc' dir='ltr'><strong><em>συγκαθίσας</em></strong></span> 
     </span>
     <span class='ocr_line' id='line_1_18' title="bbox 22 2179 2648 2268; baseline 0.001 -22"><span class='ocrx_word' id='word_1_165' title='bbox 22 2182 23 2185; x_wconf 68' lang='grc'>’</span> <span class='ocrx_word' id='word_1_166' title='bbox 385 2183 516 2253; x_wconf 89' lang='grc' dir='ltr'><strong><em>τοῖς</em></strong></span> <span class='ocrx_word' id='word_1_167' title='bbox 580 2181 771 2267; x_wconf 74' lang='grc' dir='ltr'><strong><em>ἱεροῖς</em></strong></span> <span class='ocrx_word' id='word_1_168' title='bbox 830 2180 1140 2268; x_wconf 87' lang='grc' dir='ltr'><strong><em>πατράσιν</em></strong></span> <span class='ocrx_word' id='word_1_169' title='bbox 1194 2180 1454 2255; x_wconf 86' lang='grc' dir='ltr'><strong><em>ἐκείνοις</em></strong></span> <span class='ocrx_word' id='word_1_170' title='bbox 1509 2180 1805 2267; x_wconf 75' lang='grc' dir='ltr'><strong><em>ἐπέτρεπε</em></strong></span> <span class='ocrx_word' id='word_1_171' title='bbox 1860 2182 2117 2268; x_wconf 78' lang='grc' dir='ltr'><strong><em>ζητῆσαι</em></strong></span> <span class='ocrx_word' id='word_1_172' title='bbox 2173 2179 2248 2247; x_wconf 79' lang='grc' dir='ltr'><strong><em>τὰ</em></strong></span> <span class='ocrx_word' id='word_1_173' title='bbox 2304 2179 2480 2268; x_wconf 84' lang='grc' dir='ltr'><strong><em>παρὰ</em></strong></span> <span class='ocrx_word' id='word_1_174' title='bbox 2534 2186 2648 2249; x_wconf 80' lang='grc' dir='ltr'><strong><em>τοῦ</em></strong></span> 
     </span>
     <span class='ocr_line' id='line_1_19' title="bbox 117 2283 2651 2375; baseline -0.001 -19"><span class='ocrx_word' id='word_1_175' title='bbox 117 2295 193 2356; x_wconf 84' lang='lat' dir='ltr'>W</span> <span class='ocrx_word' id='word_1_176' title='bbox 212 2293 310 2355; x_wconf 89' lang='lat'><strong><em>111</em></strong></span> <span class='ocrx_word' id='word_1_177' title='bbox 331 2283 624 2370; x_wconf 77' lang='grc' dir='ltr'><strong><em>θἈρείου</em></strong></span> <span class='ocrx_word' id='word_1_178' title='bbox 688 2283 994 2372; x_wconf 89' lang='grc' dir='ltr'><strong><em>λεγόμενα</em></strong></span> <span class='ocrx_word' id='word_1_179' title='bbox 1059 2285 1170 2353; x_wconf 78' lang='grc' dir='ltr'><strong><em>καὶ</em></strong></span> <span class='ocrx_word' id='word_1_180' title='bbox 1236 2285 1577 2373; x_wconf 84' lang='grc' dir='ltr'><strong><em>διαγνῶναι</em></strong></span> <span class='ocrx_word' id='word_1_181' title='bbox 1642 2286 1706 2351; x_wconf 80' lang='grc' dir='ltr'><strong><em>εἴ</em></strong></span> <span class='ocrx_word' id='word_1_182' title='bbox 1750 2310 1803 2351; x_wconf 89' lang='grc' dir='ltr'><strong><em>τι</em></strong></span> <span class='ocrx_word' id='word_1_183' title='bbox 1856 2292 1967 2374; x_wconf 85' lang='grc' dir='ltr'><strong><em>τῆς</em></strong></span> <span class='ocrx_word' id='word_1_184' title='bbox 2030 2286 2237 2375; x_wconf 72' lang='grc' dir='ltr'><strong><em>ὀρθῆς</em></strong></span> <span class='ocrx_word' id='word_1_185' title='bbox 2300 2285 2651 2354; x_wconf 76' lang='grc' dir='ltr'><strong><em>ἐκκλίνουσι</em></strong></span> 
     </span>
     <span class='ocr_line' id='line_1_20' title="bbox 331 2388 2652 2480; baseline 0.002 -25"><span class='ocrx_word' id='word_1_186' title='bbox 331 2401 367 2462; x_wconf 82' lang='grc'><strong><em>’1</em></strong></span> <span class='ocrx_word' id='word_1_187' title='bbox 389 2388 604 2476; x_wconf 73' lang='grc' dir='ltr'><strong><em>δόξης.</em></strong></span> <span class='ocrx_word' id='word_1_188' title='bbox 696 2390 759 2458; x_wconf 81' lang='lat' dir='ltr'><strong><em>ol</em></strong></span> <span class='ocrx_word' id='word_1_189' title='bbox 818 2390 887 2459; x_wconf 79' lang='grc' dir='ltr'><strong><em>δὲ</em></strong></span> <span class='ocrx_word' id='word_1_190' title='bbox 946 2391 1320 2479; x_wconf 79' lang='grc' dir='ltr'><strong><em>ζητήσαντες</em></strong></span> <span class='ocrx_word' id='word_1_191' title='bbox 1383 2390 1492 2459; x_wconf 82' lang='grc' dir='ltr'><strong><em>καὶ</em></strong></span> <span class='ocrx_word' id='word_1_192' title='bbox 1556 2391 1844 2479; x_wconf 79' lang='grc' dir='ltr'><strong><em>ἀκριβῶς</em></strong></span> <span class='ocrx_word' id='word_1_193' title='bbox 1909 2392 2301 2470; x_wconf 74' lang='grc' dir='ltr'><strong><em>ἐξετάσαντες</em></strong></span> <span class='ocrx_word' id='word_1_194' title='bbox 2344 2390 2471 2459; x_wconf 79' lang='grc' dir='ltr'><strong><em>,τὸν</em></strong></span> <span class='ocrx_word' id='word_1_195' title='bbox 2532 2390 2652 2480; x_wconf 81' lang='grc' dir='ltr'><strong><em>μὲν</em></strong></span> 
     </span>
    </p>
   </div>
   <div class='ocr_carea' id='block_1_3' title="bbox 390 2551 1863 2629">
    <p class='ocr_par' dir='ltr' id='par_1_3' title="bbox 390 2551 1863 2629">
     <span class='ocr_line' id='line_1_21' title="bbox 390 2551 1863 2629; baseline 0.003 -20"><span class='ocrx_word' id='word_1_196' title='bbox 390 2551 462 2609; x_wconf 84' lang='lat'><strong><em>10</em></strong></span> <span class='ocrx_word' id='word_1_197' title='bbox 494 2552 617 2626; x_wconf 73' lang='grc' dir='ltr'><strong><em>περὶ</em></strong></span> <span class='ocrx_word' id='word_1_198' title='bbox 653 2561 747 2627; x_wconf 85' lang='grc' dir='ltr'><strong><em>τῆς</em></strong></span> <span class='ocrx_word' id='word_1_199' title='bbox 781 2553 840 2612; x_wconf 76' lang='grc' dir='ltr'><strong><em>ἐν</em></strong></span> <span class='ocrx_word' id='word_1_200' title='bbox 876 2554 1082 2628; x_wconf 59' lang='lat' dir='ltr'><strong>Nucula</strong></span> <span class='ocrx_word' id='word_1_201' title='bbox 1117 2553 1337 2629; x_wconf 81' lang='grc' dir='ltr'><strong><em>πρώτης</em></strong></span> <span class='ocrx_word' id='word_1_202' title='bbox 1375 2555 1604 2613; x_wconf 84' lang='grc' dir='ltr'><strong><em>συνόδου</em></strong></span> <span class='ocrx_word' id='word_1_203' title='bbox 1643 2553 1739 2613; x_wconf 82' lang='grc' dir='ltr'><strong><em>ΟΕ</em></strong></span> <span class='ocrx_word' id='word_1_204' title='bbox 1859 2615 1863 2621; x_wconf 76' lang='grc'><strong>,</strong></span> 
     </span>
    </p>
   </div>
   <div class='ocr_carea' id='block_1_4' title="bbox 497 2712 2684 3009">
    <p class='ocr_par' dir='ltr' id='par_1_4' title="bbox 497 2712 2684 3009">
     <span class='ocr_line' id='line_1_22' title="bbox 502 2712 2653 2792; baseline 0.001 -22"><span class='ocrx_word' id='word_1_205' title='bbox 502 2714 529 2770; x_wconf 91' lang='lat'>1</span> <span class='ocrx_word' id='word_1_206' title='bbox 568 2712 668 2786; x_wconf 73' lang='grc' dir='ltr'><strong><em>μὲν</em></strong></span> <span class='ocrx_word' id='word_1_207' title='bbox 706 2719 853 2774; x_wconf 80' lang='lat' dir='ltr'><strong>anto</strong></span> <span class='ocrx_word' id='word_1_208' title='bbox 891 2714 991 2788; x_wconf 80' lang='grc' dir='ltr'><strong><em>γὰρ</em></strong></span> <span class='ocrx_word' id='word_1_209' title='bbox 1031 2715 1171 2773; x_wconf 82' lang='lat' dir='ltr'><strong>add.</strong></span> <span class='ocrx_word' id='word_1_210' title='bbox 1211 2715 1366 2790; x_wconf 86' lang='lat' dir='ltr'><strong>pr</strong></span> <span class='ocrx_word' id='word_1_211' title='bbox 1567 2716 1826 2792; x_wconf 79' lang='grc' dir='ltr'><strong><em>ὥριγένης</em></strong></span> <span class='ocrx_word' id='word_1_212' title='bbox 1865 2715 1968 2775; x_wconf 88' lang='lat' dir='ltr'><strong><em>cD</em></strong></span> <span class='ocrx_word' id='word_1_213' title='bbox 2166 2717 2257 2775; x_wconf 82' lang='grc' dir='ltr'><strong><em>καὶ</em></strong></span> <span class='ocrx_word' id='word_1_214' title='bbox 2297 2720 2433 2791; x_wconf 84' lang='lat' dir='ltr'><strong>post</strong></span> <span class='ocrx_word' id='word_1_215' title='bbox 2470 2716 2653 2783; x_wconf 71' lang='grc' dir='ltr'><strong><em>δόξαις</em></strong></span> 
     </span>
     <span class='ocr_line' id='line_1_23' title="bbox 501 2787 2684 2864; baseline 0 -20"><span class='ocrx_word' id='word_1_216' title='bbox 501 2787 640 2846; x_wconf 81' lang='lat' dir='ltr'><strong><em>add.</em></strong></span> <span class='ocrx_word' id='word_1_217' title='bbox 681 2787 728 2843; x_wconf 93' lang='lat' dir='ltr'>B</span> <span class='ocrx_word' id='word_1_218' title='bbox 898 2789 935 2843; x_wconf 84' lang='lat'>4</span> <span class='ocrx_word' id='word_1_219' title='bbox 971 2788 1032 2846; x_wconf 77' lang='grc' dir='ltr'><strong><em>δὲ</em></strong></span> <span class='ocrx_word' id='word_1_220' title='bbox 1070 2789 1231 2846; x_wconf 74' lang='lat' dir='ltr'><strong>iutra</strong></span> <span class='ocrx_word' id='word_1_221' title='bbox 1270 2790 1463 2847; x_wconf 78' lang='lat' dir='ltr'><strong>lineas</strong></span> <span class='ocrx_word' id='word_1_222' title='bbox 1502 2789 1641 2847; x_wconf 83' lang='lat' dir='ltr'><strong>add.</strong></span> <span class='ocrx_word' id='word_1_223' title='bbox 1680 2789 1733 2846; x_wconf 85' lang='lat' dir='ltr'>A</span> <span class='ocrx_word' id='word_1_224' title='bbox 1898 2792 2070 2864; x_wconf 82' lang='grc' dir='ltr'><strong><em>είςῆγε</em></strong></span> <span class='ocrx_word' id='word_1_225' title='bbox 2105 2812 2165 2848; x_wconf 84' lang='grc' dir='ltr'><strong><em>τυ</em></strong></span> <span class='ocrx_word' id='word_1_226' title='bbox 2198 2791 2382 2863; x_wconf 81' lang='grc' dir='ltr'><strong><em>χάνων</em></strong></span> <span class='ocrx_word' id='word_1_227' title='bbox 2420 2788 2482 2860; x_wconf 87' lang='lat' dir='ltr'><strong><em>C,</em></strong></span> <span class='ocrx_word' id='word_1_228' title='bbox 2535 2809 2650 2861; x_wconf 80' lang='grc' dir='ltr'><strong><em>τυγ·</em></strong></span> <span class='ocrx_word' id='word_1_229' title='bbox 2680 2804 2684 2809; x_wconf 88' lang='grc'>·</span> 
     </span>
     <span class='ocr_line' id='line_1_24' title="bbox 497 2860 2652 2938; baseline 0.001 -22"><span class='ocrx_word' id='word_1_230' title='bbox 497 2862 678 2931; x_wconf 84' lang='grc' dir='ltr'><strong><em>χάνειν</em></strong></span> <span class='ocrx_word' id='word_1_231' title='bbox 714 2862 885 2935; x_wconf 80' lang='grc' dir='ltr'><strong><em>εἰςῆγε</em></strong></span> <span class='ocrx_word' id='word_1_232' title='bbox 923 2860 1078 2935; x_wconf 84' lang='lat' dir='ltr'>pr</span> <span class='ocrx_word' id='word_1_233' title='bbox 1246 2863 1278 2919; x_wconf 75' lang='lat'>7</span> <span class='ocrx_word' id='word_1_234' title='bbox 1315 2865 1586 2934; x_wconf 80' lang='grc' dir='ltr'><strong><em>σεσίγηντο</em></strong></span> <span class='ocrx_word' id='word_1_235' title='bbox 1624 2884 1678 2919; x_wconf 77' lang='grc' dir='ltr'><strong><em>τε</em></strong></span> <span class='ocrx_word' id='word_1_236' title='bbox 1716 2878 1831 2920; x_wconf 87' lang='lat' dir='ltr'><strong><em>om.</em></strong></span> <span class='ocrx_word' id='word_1_237' title='bbox 1870 2863 1941 2935; x_wconf 87' lang='lat' dir='ltr'><strong><em>A,</em></strong></span> <span class='ocrx_word' id='word_1_238' title='bbox 1981 2864 2120 2922; x_wconf 81' lang='lat' dir='ltr'><strong>add.</strong></span> <span class='ocrx_word' id='word_1_239' title='bbox 2191 2860 2409 2938; x_wconf 71' lang='lat' dir='ltr'><strong>{wpDi</strong></span> <span class='ocrx_word' id='word_1_240' title='bbox 2570 2864 2652 2918; x_wconf 83' lang='grc' dir='ltr'><strong><em>δε·</em></strong></span> 
     </span>
     <span class='ocr_line' id='line_1_25' title="bbox 500 2934 2650 3009; baseline 0 -19"><span class='ocrx_word' id='word_1_241' title='bbox 500 2934 814 3006; x_wconf 87' lang='grc' dir='ltr'><strong><em>δημοσίευτο</em></strong></span> <span class='ocrx_word' id='word_1_242' title='bbox 852 2934 1058 3007; x_wconf 80' lang='lat' dir='ltr'><strong><em>Bpr</em></strong></span> <span class='ocrx_word' id='word_1_243' title='bbox 1274 2936 1337 2991; x_wconf 91' lang='lat'><strong><em>11</em></strong></span> <span class='ocrx_word' id='word_1_244' title='bbox 1379 2944 1446 3007; x_wconf 79' lang='grc' dir='ltr'><strong><em>τῇ</em></strong></span> <span class='ocrx_word' id='word_1_245' title='bbox 1482 2935 1707 3009; x_wconf 62' lang='grc' dir='ltr'><strong><em>ΑΒῐνρ,</em></strong></span> <span class='ocrx_word' id='word_1_246' title='bbox 1745 2944 1853 2992; x_wconf 85' lang='grc' dir='ltr'><strong><em>τῶν</em></strong></span> <span class='ocrx_word' id='word_1_247' title='bbox 1888 2936 1944 2991; x_wconf 93' lang='lat' dir='ltr'>D</span> <span class='ocrx_word' id='word_1_248' title='bbox 2147 2938 2214 2993; x_wconf 73' lang='lat'><strong><em>12</em></strong></span> <span class='ocrx_word' id='word_1_249' title='bbox 2251 2938 2313 2993; x_wconf 84' lang='grc' dir='ltr'><strong><em>τι’</em></strong></span> <span class='ocrx_word' id='word_1_250' title='bbox 2353 2935 2448 2992; x_wconf 73' lang='grc' dir='ltr'><strong><em>καὶ</em></strong></span> <span class='ocrx_word' id='word_1_251' title='bbox 2484 2935 2534 3006; x_wconf 81' lang='grc' dir='ltr'><strong><em>η’</em></strong></span> <span class='ocrx_word' id='word_1_252' title='bbox 2577 2934 2650 3007; x_wconf 83' lang='lat' dir='ltr'><strong><em>A,</em></strong></span> 
     </span>
    </p>
   </div>
   <div class='ocr_carea' id='block_1_5' title="bbox 499 3007 2651 3154">
    <p class='ocr_par' dir='ltr' id='par_1_5' title="bbox 499 3007 2651 3154">
     <span class='ocr_line' id='line_1_26' title="bbox 499 3007 2651 3081; baseline 0.001 -20"><span class='ocrx_word' id='word_1_253' title='bbox 499 3010 823 3077; x_wconf 76' lang='grc' dir='ltr'><strong><em>τριακοσίων</em></strong></span> <span class='ocrx_word' id='word_1_254' title='bbox 848 3009 981 3064; x_wconf 85' lang='grc' dir='ltr'><strong><em>δέκα</em></strong></span> <span class='ocrx_word' id='word_1_255' title='bbox 1005 3007 1099 3064; x_wconf 71' lang='grc' dir='ltr'><strong><em>καὶ</em></strong></span> <span class='ocrx_word' id='word_1_256' title='bbox 1122 3007 1270 3065; x_wconf 82' lang='grc' dir='ltr'><strong><em>ὀκτὼ</em></strong></span> <span class='ocrx_word' id='word_1_257' title='bbox 1312 3007 1551 3081; x_wconf 80' lang='lat' dir='ltr'><strong><em>prDi</em></strong></span> <span class='ocrx_word' id='word_1_258' title='bbox 1698 3009 1765 3066; x_wconf 81' lang='lat'><strong><em>17</em></strong></span> <span class='ocrx_word' id='word_1_259' title='bbox 1800 3010 2024 3073; x_wconf 72' lang='grc' dir='ltr'><strong><em>ἐκείνοις</em></strong></span> <span class='ocrx_word' id='word_1_260' title='bbox 2060 3026 2174 3067; x_wconf 86' lang='lat' dir='ltr'><strong><em>om.</em></strong></span> <span class='ocrx_word' id='word_1_261' title='bbox 2205 3011 2251 3066; x_wconf 85' lang='grc' dir='ltr'>Ε</span> <span class='ocrx_word' id='word_1_262' title='bbox 2395 3008 2651 3080; x_wconf 73' lang='grc' dir='ltr'><strong><em>ἐπέτρεψε</em></strong></span> 
     </span>
     <span class='ocr_line' id='line_1_27' title="bbox 500 3077 1489 3154; baseline 0.002 -19"><span class='ocrx_word' id='word_1_263' title='bbox 500 3077 650 3154; x_wconf 81' lang='lat' dir='ltr'>pr</span> <span class='ocrx_word' id='word_1_264' title='bbox 798 3080 868 3136; x_wconf 82' lang='lat'><strong><em>19</em></strong></span> <span class='ocrx_word' id='word_1_265' title='bbox 903 3080 964 3137; x_wconf 82' lang='grc' dir='ltr'><strong><em>δὲ</em></strong></span> <span class='ocrx_word' id='word_1_266' title='bbox 999 3080 1070 3151; x_wconf 87' lang='lat' dir='ltr'><strong><em>A,</em></strong></span> <span class='ocrx_word' id='word_1_267' title='bbox 1110 3081 1170 3137; x_wconf 78' lang='grc' dir='ltr'><strong><em>δὲ</em></strong></span> <span class='ocrx_word' id='word_1_268' title='bbox 1205 3082 1299 3137; x_wconf 79' lang='grc' dir='ltr'><strong><em>καὶ</em></strong></span> <span class='ocrx_word' id='word_1_269' title='bbox 1337 3081 1489 3154; x_wconf 83' lang='lat' dir='ltr'>pr</span> 
     </span>
    </p>
   </div>
   <div class='ocr_carea' id='block_1_6' title="bbox 329 3239 2670 4479">
    <p class='ocr_par' dir='ltr' id='par_1_6' title="bbox 329 3239 2653 3456">
     <span class='ocr_line' id='line_1_28' title="bbox 329 3239 2653 3315; baseline -0.001 -15"><span class='ocrx_word' id='word_1_270' title='bbox 329 3242 508 3300; x_wconf 80' lang='lat' dir='ltr'><strong>3nec</strong></span> <span class='ocrx_word' id='word_1_271' title='bbox 555 3239 768 3296; x_wconf 86' lang='lat' dir='ltr'><strong>videre</strong></span> <span class='ocrx_word' id='word_1_272' title='bbox 814 3256 995 3313; x_wconf 84' lang='lat' dir='ltr'><strong>posse</strong></span> <span class='ocrx_word' id='word_1_273' title='bbox 1043 3246 1297 3312; x_wconf 83' lang='lat' dir='ltr'><strong>patrem,</strong></span> <span class='ocrx_word' id='word_1_274' title='bbox 1347 3239 1863 3312; x_wconf 81' lang='lat' dir='ltr'><strong>quemadmodum</strong></span> <span class='ocrx_word' id='word_1_275' title='bbox 1900 3256 2017 3297; x_wconf 89' lang='lat' dir='ltr'><strong>nec</strong></span> <span class='ocrx_word' id='word_1_276' title='bbox 2054 3242 2185 3313; x_wconf 80' lang='lat' dir='ltr'><strong>ipse</strong></span> <span class='ocrx_word' id='word_1_277' title='bbox 2224 3242 2420 3299; x_wconf 88' lang='lat' dir='ltr'><strong>videri</strong></span> <span class='ocrx_word' id='word_1_278' title='bbox 2463 3242 2653 3315; x_wconf 78' lang='lat' dir='ltr'><strong>possit</strong></span> 
     </span>
     <span class='ocr_line' id='line_1_29' title="bbox 390 3312 2653 3385; baseline 0.002 -19"><span class='ocrx_word' id='word_1_279' title='bbox 390 3324 432 3367; x_wconf 82' lang='lat' dir='ltr'><strong>a</strong></span> <span class='ocrx_word' id='word_1_280' title='bbox 456 3312 701 3382; x_wconf 79' lang='lat' dir='ltr'><strong>spiritu:</strong></span> <span class='ocrx_word' id='word_1_281' title='bbox 755 3329 915 3384; x_wconf 87' lang='lat' dir='ltr'><strong>quae</strong></span> <span class='ocrx_word' id='word_1_282' title='bbox 952 3312 1351 3370; x_wconf 85' lang='lat' dir='ltr'><strong>deliramenta</strong></span> <span class='ocrx_word' id='word_1_283' title='bbox 1385 3329 1464 3368; x_wconf 87' lang='lat' dir='ltr'><strong>ex</strong></span> <span class='ocrx_word' id='word_1_284' title='bbox 1503 3313 1780 3385; x_wconf 85' lang='lat' dir='ltr'><strong>improbo</strong></span> <span class='ocrx_word' id='word_1_285' title='bbox 1822 3313 2024 3370; x_wconf 79' lang='lat' dir='ltr'><strong>cordis</strong></span> <span class='ocrx_word' id='word_1_286' title='bbox 2062 3314 2156 3371; x_wconf 83' lang='lat' dir='ltr'><strong><em>sui</em></strong></span> <span class='ocrx_word' id='word_1_287' title='bbox 2196 3313 2484 3371; x_wconf 78' lang='lat' dir='ltr'><strong>thesauro</strong></span> <span class='ocrx_word' id='word_1_288' title='bbox 2512 3329 2653 3371; x_wconf 86' lang='lat' dir='ltr'><strong>evo·</strong></span> 
     </span>
     <span class='ocr_line' id='line_1_30' title="bbox 390 3384 2651 3456; baseline 0.001 -17"><span class='ocrx_word' id='word_1_289' title='bbox 390 3384 562 3440; x_wconf 86' lang='lat' dir='ltr'><strong>muit.</strong></span> <span class='ocrx_word' id='word_1_290' title='bbox 638 3384 862 3442; x_wconf 82' lang='lat' dir='ltr'><strong>Verum</strong></span> <span class='ocrx_word' id='word_1_291' title='bbox 901 3401 977 3442; x_wconf 85' lang='lat' dir='ltr'><strong>ea</strong></span> <span class='ocrx_word' id='word_1_292' title='bbox 1015 3386 1078 3441; x_wconf 87' lang='lat' dir='ltr'><strong>in</strong></span> <span class='ocrx_word' id='word_1_293' title='bbox 1115 3385 1258 3441; x_wconf 83' lang='lat' dir='ltr'><strong>eolis</strong></span> <span class='ocrx_word' id='word_1_294' title='bbox 1297 3385 1523 3441; x_wconf 82' lang='lat' dir='ltr'><strong>chartis</strong></span> <span class='ocrx_word' id='word_1_295' title='bbox 1562 3385 1864 3456; x_wconf 81' lang='lat' dir='ltr'><strong>iacebant,</strong></span> <span class='ocrx_word' id='word_1_296' title='bbox 1903 3392 2066 3443; x_wconf 82' lang='lat' dir='ltr'><strong>tecta</strong></span> <span class='ocrx_word' id='word_1_297' title='bbox 2103 3386 2343 3444; x_wconf 81' lang='lat' dir='ltr'><strong>silentio</strong></span> <span class='ocrx_word' id='word_1_298' title='bbox 2388 3387 2651 3444; x_wconf 79' lang='lat' dir='ltr'><strong>necdum</strong></span> 
     </span>
    </p>

    <p class='ocr_par' dir='ltr' id='par_1_7' title="bbox 329 3457 2653 3601">
     <span class='ocr_line' id='line_1_31' title="bbox 329 3457 2652 3532; baseline -0 -15"><span class='ocrx_word' id='word_1_299' title='bbox 329 3459 372 3517; x_wconf 77' lang='lat'>4</span> <span class='ocrx_word' id='word_1_300' title='bbox 396 3457 678 3529; x_wconf 76' lang='lat' dir='ltr'><strong>vulgata3</strong></span> <span class='ocrx_word' id='word_1_301' title='bbox 725 3458 833 3515; x_wconf 81' lang='lat' dir='ltr'><strong><em>sod</em></strong></span> <span class='ocrx_word' id='word_1_302' title='bbox 875 3457 1058 3515; x_wconf 73' lang='lat' dir='ltr'><strong>Arius</strong></span> <span class='ocrx_word' id='word_1_303' title='bbox 1096 3458 1159 3514; x_wconf 85' lang='lat' dir='ltr'><strong><em>iu</em></strong></span> <span class='ocrx_word' id='word_1_304' title='bbox 1198 3463 1592 3529; x_wconf 83' lang='lat' dir='ltr'><strong>conspectum</strong></span> <span class='ocrx_word' id='word_1_305' title='bbox 1632 3459 1884 3529; x_wconf 86' lang='lat' dir='ltr'><strong>protulit</strong></span> <span class='ocrx_word' id='word_1_306' title='bbox 1921 3465 1981 3515; x_wconf 87' lang='lat' dir='ltr'><strong>ct-</strong></span> <span class='ocrx_word' id='word_1_307' title='bbox 2020 3459 2081 3515; x_wconf 87' lang='lat' dir='ltr'><strong>in</strong></span> <span class='ocrx_word' id='word_1_308' title='bbox 2120 3458 2378 3516; x_wconf 81' lang='lat' dir='ltr'><strong>aedibus</strong></span> <span class='ocrx_word' id='word_1_309' title='bbox 2416 3460 2652 3532; x_wconf 82' lang='lat' dir='ltr'><strong>praedi·</strong></span> 
     </span>
     <span class='ocr_line' id='line_1_32' title="bbox 394 3530 2653 3601; baseline 0.001 -17"><span class='ocrx_word' id='word_1_310' title='bbox 394 3530 558 3585; x_wconf 85' lang='lat' dir='ltr'><strong>cavit</strong></span> <span class='ocrx_word' id='word_1_311' title='bbox 608 3535 669 3586; x_wconf 92' lang='lat' dir='ltr'><strong><em>et</em></strong></span> <span class='ocrx_word' id='word_1_312' title='bbox 719 3531 942 3587; x_wconf 87' lang='lat' dir='ltr'><strong>multos</strong></span> <span class='ocrx_word' id='word_1_313' title='bbox 994 3530 1074 3586; x_wconf 84' lang='lat' dir='ltr'><strong><em>ad</em></strong></span> <span class='ocrx_word' id='word_1_314' title='bbox 1124 3530 1496 3601; x_wconf 79' lang='lat' dir='ltr'><strong>impietatem</strong></span> <span class='ocrx_word' id='word_1_315' title='bbox 1556 3531 1804 3601; x_wconf 75' lang='lat' dir='ltr'>pellexit</span> <span class='ocrx_word' id='word_1_316' title='bbox 1859 3535 1921 3587; x_wconf 91' lang='lat' dir='ltr'><strong><em>et</em></strong></span> <span class='ocrx_word' id='word_1_317' title='bbox 1977 3531 2240 3587; x_wconf 78' lang='lat' dir='ltr'><strong>tumultu</strong></span> <span class='ocrx_word' id='word_1_318' title='bbox 2297 3548 2372 3588; x_wconf 86' lang='lat' dir='ltr'><strong><em>ac</em></strong></span> <span class='ocrx_word' id='word_1_319' title='bbox 2428 3532 2653 3589; x_wconf 73' lang='lat' dir='ltr'><strong>dissen-</strong></span> 
     </span>
    </p>

    <p class='ocr_par' dir='ltr' id='par_1_8' title="bbox 329 3602 2670 3893">
     <span class='ocr_line' id='line_1_33' title="bbox 329 3602 2670 3675; baseline 0.002 -19"><span class='ocrx_word' id='word_1_320' title='bbox 329 3602 667 3663; x_wconf 65' lang='lat' dir='ltr'><strong>helonibus</strong></span> <span class='ocrx_word' id='word_1_321' title='bbox 705 3603 994 3659; x_wconf 82' lang='lat' dir='ltr'><strong>ecclesias</strong></span> <span class='ocrx_word' id='word_1_322' title='bbox 1042 3602 1332 3673; x_wconf 84' lang='lat' dir='ltr'><strong>implevit.</strong></span> <span class='ocrx_word' id='word_1_323' title='bbox 1409 3602 1545 3668; x_wconf 83' lang='lat' dir='ltr'><strong>Qua</strong></span> <span class='ocrx_word' id='word_1_324' title='bbox 1594 3617 1662 3659; x_wconf 85' lang='lat' dir='ltr'><strong>re</strong></span> <span class='ocrx_word' id='word_1_325' title='bbox 1710 3604 1958 3674; x_wconf 80' lang='lat' dir='ltr'><strong>cognita</strong></span> <span class='ocrx_word' id='word_1_326' title='bbox 2011 3602 2502 3675; x_wconf 74' lang='lat' dir='ltr'><strong>religiosissimus</strong></span> <span class='ocrx_word' id='word_1_327' title='bbox 2552 3605 2670 3669; x_wconf 55' lang='lat' dir='ltr'><strong>ille,</strong></span> 
     </span>
     <span class='ocr_line' id='line_1_34' title="bbox 393 3673 2651 3749; baseline 0.002 -21"><span class='ocrx_word' id='word_1_328' title='bbox 393 3673 724 3746; x_wconf 79' lang='lat' dir='ltr'><strong>imperator</strong></span> <span class='ocrx_word' id='word_1_329' title='bbox 763 3676 1219 3749; x_wconf 81' lang='lat' dir='ltr'><strong>provinciarum</strong></span> <span class='ocrx_word' id='word_1_330' title='bbox 1265 3674 1586 3747; x_wconf 82' lang='lat' dir='ltr'><strong>episcopos</strong></span> <span class='ocrx_word' id='word_1_331' title='bbox 1624 3673 1913 3733; x_wconf 80' lang='lat' dir='ltr'><strong>Nicaeam</strong></span> <span class='ocrx_word' id='word_1_332' title='bbox 1960 3675 2022 3733; x_wconf 87' lang='lat' dir='ltr'><strong>in</strong></span> <span class='ocrx_word' id='word_1_333' title='bbox 2061 3674 2384 3748; x_wconf 73' lang='lat' dir='ltr'><strong>Bithyniae</strong></span> <span class='ocrx_word' id='word_1_334' title='bbox 2436 3678 2651 3734; x_wconf 80' lang='lat' dir='ltr'><strong>urbem</strong></span> 
     </span>
     <span class='ocr_line' id='line_1_35' title="bbox 393 3746 2652 3821; baseline 0.001 -18"><span class='ocrx_word' id='word_1_335' title='bbox 393 3749 725 3806; x_wconf 83' lang='lat' dir='ltr'><strong>convenire</strong></span> <span class='ocrx_word' id='word_1_336' title='bbox 774 3749 966 3806; x_wconf 82' lang='lat' dir='ltr'><strong>lussit.</strong></span> <span class='ocrx_word' id='word_1_337' title='bbox 1054 3746 1415 3820; x_wconf 69' lang='lat' dir='ltr'><strong>congressis</strong></span> <span class='ocrx_word' id='word_1_338' title='bbox 1467 3748 1656 3819; x_wconf 77' lang='lat' dir='ltr'><strong>igitur</strong></span> <span class='ocrx_word' id='word_1_339' title='bbox 1707 3747 1815 3804; x_wconf 81' lang='lat'><strong><em>318</em></strong></span> <span class='ocrx_word' id='word_1_340' title='bbox 1860 3748 2087 3806; x_wconf 68' lang='lat' dir='ltr'><strong>satietis</strong></span> <span class='ocrx_word' id='word_1_341' title='bbox 2145 3748 2438 3821; x_wconf 75' lang='lat' dir='ltr'><strong>patribus,</strong></span> <span class='ocrx_word' id='word_1_342' title='bbox 2495 3751 2652 3806; x_wconf 79' lang='lat' dir='ltr'><strong>inter</strong></span> 
     </span>
     <span class='ocr_line' id='line_1_36' title="bbox 394 3820 2652 3893; baseline 0.001 -18"><span class='ocrx_word' id='word_1_343' title='bbox 394 3833 551 3890; x_wconf 76' lang='lat' dir='ltr'><strong>quoe</strong></span> <span class='ocrx_word' id='word_1_344' title='bbox 600 3826 662 3877; x_wconf 87' lang='lat' dir='ltr'><strong><em>et</em></strong></span> <span class='ocrx_word' id='word_1_345' title='bbox 711 3821 1062 3879; x_wconf 79' lang='lat' dir='ltr'><strong>sacerdotes</strong></span> <span class='ocrx_word' id='word_1_346' title='bbox 1114 3820 1391 3878; x_wconf 80' lang='lat' dir='ltr'><strong>nonnulli</strong></span> <span class='ocrx_word' id='word_1_347' title='bbox 1444 3822 1618 3879; x_wconf 78' lang='lat' dir='ltr'><strong>fuere</strong></span> <span class='ocrx_word' id='word_1_348' title='bbox 1668 3825 1729 3878; x_wconf 83' lang='lat' dir='ltr'><strong>ct</strong></span> <span class='ocrx_word' id='word_1_349' title='bbox 1776 3820 2019 3878; x_wconf 86' lang='lat' dir='ltr'><strong>diaconi</strong></span> <span class='ocrx_word' id='word_1_350' title='bbox 2068 3829 2254 3893; x_wconf 82' lang='lat' dir='ltr'><strong>atque</strong></span> <span class='ocrx_word' id='word_1_351' title='bbox 2302 3820 2484 3879; x_wconf 84' lang='lat' dir='ltr'><strong>etiam</strong></span> <span class='ocrx_word' id='word_1_352' title='bbox 2532 3836 2652 3880; x_wconf 85' lang='lat' dir='ltr'><strong><em>mo·</em></strong></span> 
     </span>
    </p>

    <p class='ocr_par' dir='ltr' id='par_1_9' title="bbox 329 3891 2653 4184">
     <span class='ocr_line' id='line_1_37' title="bbox 329 3891 2653 3967; baseline 0.001 -19"><span class='ocrx_word' id='word_1_353' title='bbox 329 3891 573 3955; x_wconf 79' lang='lat' dir='ltr'><strong>ssnachi</strong></span> <span class='ocrx_word' id='word_1_354' title='bbox 622 3895 790 3966; x_wconf 88' lang='lat' dir='ltr'><strong>(quin</strong></span> <span class='ocrx_word' id='word_1_355' title='bbox 842 3900 901 3951; x_wconf 88' lang='lat' dir='ltr'><strong>ct</strong></span> <span class='ocrx_word' id='word_1_356' title='bbox 949 3910 1212 3967; x_wconf 66' lang='lat' dir='ltr'><strong>ningulus</strong></span> <span class='ocrx_word' id='word_1_357' title='bbox 1251 3893 1625 3950; x_wconf 73' lang='lat' dir='ltr'><strong>Athanasius</strong></span> <span class='ocrx_word' id='word_1_358' title='bbox 1669 3892 1749 3950; x_wconf 86' lang='lat' dir='ltr'><strong><em>ad</em></strong></span> <span class='ocrx_word' id='word_1_359' title='bbox 1789 3893 1851 3950; x_wconf 88' lang='lat' dir='ltr'><strong>id</strong></span> <span class='ocrx_word' id='word_1_360' title='bbox 1888 3899 2007 3951; x_wconf 83' lang='lat' dir='ltr'><strong><em>tem</em></strong></span> <span class='ocrx_word' id='word_1_361' title='bbox 2033 3895 2179 3952; x_wconf 63' lang='lat' dir='ltr'><strong>voris</strong></span> <span class='ocrx_word' id='word_1_362' title='bbox 2219 3893 2417 3951; x_wconf 78' lang='lat' dir='ltr'><strong>ordini</strong></span> <span class='ocrx_word' id='word_1_363' title='bbox 2452 3894 2653 3951; x_wconf 83' lang='lat' dir='ltr'><strong>dlaco-</strong></span> 
     </span>
     <span class='ocr_line' id='line_1_38' title="bbox 395 3965 2652 4040; baseline 0.001 -18"><span class='ocrx_word' id='word_1_364' title='bbox 395 3978 613 4022; x_wconf 77' lang='lat' dir='ltr'><strong>nomm</strong></span> <span class='ocrx_word' id='word_1_365' title='bbox 647 3967 998 4039; x_wconf 77' lang='lat' dir='ltr'><strong>assignatus</strong></span> <span class='ocrx_word' id='word_1_366' title='bbox 1037 3967 1155 4024; x_wconf 88' lang='lat' dir='ltr'><strong>illic</strong></span> <span class='ocrx_word' id='word_1_367' title='bbox 1195 3966 1451 4037; x_wconf 71' lang='lat' dir='ltr'><strong>aderat),</strong></span> <span class='ocrx_word' id='word_1_368' title='bbox 1499 3968 1630 4039; x_wconf 83' lang='lat' dir='ltr'><strong>lpse</strong></span> <span class='ocrx_word' id='word_1_369' title='bbox 1680 3965 1861 4023; x_wconf 86' lang='lat' dir='ltr'><strong>etiam</strong></span> <span class='ocrx_word' id='word_1_370' title='bbox 1900 3966 2006 4025; x_wconf 79' lang='lat' dir='ltr'><strong>clu·</strong></span> <span class='ocrx_word' id='word_1_371' title='bbox 2031 3967 2435 4025; x_wconf 81' lang='lat' dir='ltr'><strong>stianissimus</strong></span> <span class='ocrx_word' id='word_1_372' title='bbox 2471 3968 2652 4040; x_wconf 82' lang='lat' dir='ltr'><strong>impe·</strong></span> 
     </span>
     <span class='ocr_line' id='line_1_39' title="bbox 393 4037 2652 4114; baseline 0.001 -20"><span class='ocrx_word' id='word_1_373' title='bbox 393 4043 564 4094; x_wconf 81' lang='lat' dir='ltr'><strong>rator</strong></span> <span class='ocrx_word' id='word_1_374' title='bbox 589 4037 878 4097; x_wconf 82' lang='lat' dir='ltr'><strong>Nicaeam</strong></span> <span class='ocrx_word' id='word_1_375' title='bbox 918 4041 1088 4097; x_wconf 84' lang='lat' dir='ltr'><strong>venit</strong></span> <span class='ocrx_word' id='word_1_376' title='bbox 1126 4047 1184 4097; x_wconf 90' lang='lat' dir='ltr'><strong><em>et</em></strong></span> <span class='ocrx_word' id='word_1_377' title='bbox 1224 4039 1453 4097; x_wconf 81' lang='lat' dir='ltr'><strong>sanctis</strong></span> <span class='ocrx_word' id='word_1_378' title='bbox 1480 4039 1757 4111; x_wconf 82' lang='lat' dir='ltr'><strong>patribus</strong></span> <span class='ocrx_word' id='word_1_379' title='bbox 1785 4038 2012 4096; x_wconf 84' lang='lat' dir='ltr'><strong>assedit</strong></span> <span class='ocrx_word' id='word_1_380' title='bbox 2051 4045 2111 4098; x_wconf 88' lang='lat' dir='ltr'><strong>ct</strong></span> <span class='ocrx_word' id='word_1_381' title='bbox 2137 4040 2447 4114; x_wconf 77' lang='lat' dir='ltr'><strong>inquil-ere</strong></span> <span class='ocrx_word' id='word_1_382' title='bbox 2479 4040 2652 4097; x_wconf 82' lang='lat' dir='ltr'><strong>iussit</strong></span> 
     </span>
     <span class='ocr_line' id='line_1_40' title="bbox 393 4110 2651 4184; baseline 0.002 -18"><span class='ocrx_word' id='word_1_383' title='bbox 393 4124 556 4183; x_wconf 84' lang='lat' dir='ltr'><strong>quae</strong></span> <span class='ocrx_word' id='word_1_384' title='bbox 595 4110 825 4169; x_wconf 82' lang='lat' dir='ltr'><strong>diceret</strong></span> <span class='ocrx_word' id='word_1_385' title='bbox 850 4113 1033 4170; x_wconf 77' lang='lat' dir='ltr'><strong>Arius</strong></span> <span class='ocrx_word' id='word_1_386' title='bbox 1070 4128 1145 4170; x_wconf 85' lang='lat' dir='ltr'><strong><em>ac</em></strong></span> <span class='ocrx_word' id='word_1_387' title='bbox 1184 4111 1540 4182; x_wconf 84' lang='lat' dir='ltr'><strong>diiudicare,</strong></span> <span class='ocrx_word' id='word_1_388' title='bbox 1580 4127 1724 4169; x_wconf 82' lang='lat' dir='ltr'><strong><em>uum</em></strong></span> <span class='ocrx_word' id='word_1_389' title='bbox 1768 4111 1914 4184; x_wconf 83' lang='lat' dir='ltr'><strong>quid</strong></span> <span class='ocrx_word' id='word_1_390' title='bbox 1954 4128 1991 4169; x_wconf 88' lang='lat' dir='ltr'><strong>a</strong></span> <span class='ocrx_word' id='word_1_391' title='bbox 2030 4117 2199 4170; x_wconf 82' lang='lat' dir='ltr'><strong>rocta</strong></span> <span class='ocrx_word' id='word_1_392' title='bbox 2236 4113 2540 4170; x_wconf 81' lang='lat' dir='ltr'><strong>sententia</strong></span> <span class='ocrx_word' id='word_1_393' title='bbox 2578 4128 2651 4170; x_wconf 88' lang='lat' dir='ltr'><strong>ea</strong></span> 
     </span>
    </p>

    <p class='ocr_par' dir='ltr' id='par_1_10' title="bbox 330 4184 2653 4479">
     <span class='ocr_line' id='line_1_41' title="bbox 330 4184 2650 4257; baseline 0 -18"><span class='ocrx_word' id='word_1_394' title='bbox 330 4184 772 4247; x_wconf 73' lang='lat' dir='ltr'><strong>&#39;&#39;labem-arent.</strong></span> <span class='ocrx_word' id='word_1_395' title='bbox 849 4186 937 4241; x_wconf 89' lang='lat' dir='ltr'><strong>lili</strong></span> <span class='ocrx_word' id='word_1_396' title='bbox 979 4201 1114 4241; x_wconf 84' lang='lat' dir='ltr'><strong>cum</strong></span> <span class='ocrx_word' id='word_1_397' title='bbox 1157 4186 1615 4257; x_wconf 79' lang='lat' dir='ltr'><strong>inquisivissent</strong></span> <span class='ocrx_word' id='word_1_398' title='bbox 1653 4190 1713 4241; x_wconf 84' lang='lat' dir='ltr'><strong>ct</strong></span> <span class='ocrx_word' id='word_1_399' title='bbox 1751 4195 2040 4242; x_wconf 82' lang='lat' dir='ltr'><strong>accurate</strong></span> <span class='ocrx_word' id='word_1_400' title='bbox 2067 4201 2193 4242; x_wconf 79' lang='lat' dir='ltr'><strong>rem</strong></span> <span class='ocrx_word' id='word_1_401' title='bbox 2222 4187 2650 4255; x_wconf 76' lang='lat' dir='ltr'><strong>excussissem,</strong></span> 
     </span>
     <span class='ocr_line' id='line_1_42' title="bbox 393 4256 2652 4331; baseline 0 -20"><span class='ocrx_word' id='word_1_402' title='bbox 393 4256 584 4312; x_wconf 82' lang='lat' dir='ltr'><strong>illium</strong></span> <span class='ocrx_word' id='word_1_403' title='bbox 635 4257 905 4315; x_wconf 86' lang='lat' dir='ltr'><strong>eiusdem</strong></span> <span class='ocrx_word' id='word_1_404' title='bbox 960 4275 1099 4315; x_wconf 85' lang='lat' dir='ltr'><strong>cum</strong></span> <span class='ocrx_word' id='word_1_405' title='bbox 1151 4266 1327 4331; x_wconf 79' lang='lat' dir='ltr'><strong>patre</strong></span> <span class='ocrx_word' id='word_1_406' title='bbox 1362 4263 1642 4315; x_wconf 75' lang='lat' dir='ltr'><strong>naturae</strong></span> <span class='ocrx_word' id='word_1_407' title='bbox 1694 4263 1754 4314; x_wconf 90' lang='lat' dir='ltr'><strong>ct</strong></span> <span class='ocrx_word' id='word_1_408' title='bbox 1802 4258 2119 4329; x_wconf 81' lang='lat' dir='ltr'><strong>diguitatis</strong></span> <span class='ocrx_word' id='word_1_409' title='bbox 2168 4264 2227 4315; x_wconf 90' lang='lat' dir='ltr'><strong><em>et</em></strong></span> <span class='ocrx_word' id='word_1_410' title='bbox 2262 4259 2652 4315; x_wconf 76' lang='lat' dir='ltr'><strong>aeternitatis</strong></span> 
     </span>
     <span class='ocr_line' id='line_1_43' title="bbox 392 4330 2653 4401; baseline 0 -15"><span class='ocrx_word' id='word_1_411' title='bbox 392 4345 530 4386; x_wconf 82' lang='lat' dir='ltr'><strong>esse</strong></span> <span class='ocrx_word' id='word_1_412' title='bbox 566 4330 926 4401; x_wconf 78' lang='lat' dir='ltr'><strong>docuerunt,</strong></span> <span class='ocrx_word' id='word_1_413' title='bbox 962 4332 1173 4389; x_wconf 81' lang='lat' dir='ltr'><strong>Arium</strong></span> <span class='ocrx_word' id='word_1_414' title='bbox 1215 4347 1363 4388; x_wconf 72' lang='lat' dir='ltr'><strong>vero</strong></span> <span class='ocrx_word' id='word_1_415' title='bbox 1404 4347 1542 4388; x_wconf 87' lang='lat' dir='ltr'><strong>cum</strong></span> <span class='ocrx_word' id='word_1_416' title='bbox 1582 4332 1708 4388; x_wconf 81' lang='lat' dir='ltr'><strong>suis</strong></span> <span class='ocrx_word' id='word_1_417' title='bbox 1745 4331 2150 4388; x_wconf 81' lang='lat' dir='ltr'><strong>sectatoribus</strong></span> <span class='ocrx_word' id='word_1_418' title='bbox 2178 4348 2212 4389; x_wconf 93' lang='lat' dir='ltr'><strong>e</strong></span> <span class='ocrx_word' id='word_1_419' title='bbox 2241 4339 2420 4390; x_wconf 85' lang='lat' dir='ltr'><strong>coetu</strong></span> <span class='ocrx_word' id='word_1_420' title='bbox 2457 4331 2653 4388; x_wconf 83' lang='lat' dir='ltr'><strong>ortho-</strong></span> 
     </span>
     <span class='ocr_line' id='line_1_44' title="bbox 392 4402 1726 4479; baseline 0 -18"><span class='ocrx_word' id='word_1_421' title='bbox 392 4402 700 4461; x_wconf 78' lang='lat' dir='ltr'><strong>doxorum</strong></span> <span class='ocrx_word' id='word_1_422' title='bbox 738 4405 984 4479; x_wconf 82' lang='lat' dir='ltr'><strong>publico</strong></span> <span class='ocrx_word' id='word_1_423' title='bbox 1024 4405 1355 4479; x_wconf 82' lang='lat' dir='ltr'><strong>praeconio</strong></span> <span class='ocrx_word' id='word_1_424' title='bbox 1396 4405 1726 4461; x_wconf 83' lang='lat' dir='ltr'><strong>eiecerunt.</strong></span> 
     </span>
    </p>
   </div>
  </div>
 </body>
</html>
