<?xml version="1.0" encoding="UTF-8"?>
<!DOCTYPE html PUBLIC "-//W3C//DTD XHTML 1.0 Transitional//EN"
    "http://www.w3.org/TR/xhtml1/DTD/xhtml1-transitional.dtd">
<html xmlns="http://www.w3.org/1999/xhtml" xml:lang="en" lang="en">
 <head>
  <title>
</title>
<meta http-equiv="Content-Type" content="text/html;charset=utf-8" />
  <meta name='ocr-system' content='tesseract 3.04.00' />
  <meta name='ocr-capabilities' content='ocr_page ocr_carea ocr_par ocr_line ocrx_word'/>
</head>
<body>
  <div class='ocr_page' id='page_1' title='image "./corpusscriptoru13berlgoog_0362.png"; bbox 0 0 2870 4966; ppageno 0'>
   <div class='ocr_carea' id='block_1_1' title="bbox 474 416 2480 516">
    <p class='ocr_par' dir='ltr' id='par_1_1' title="bbox 474 416 2480 516">
     <span class='ocr_line' id='line_1_1' title="bbox 474 416 2480 516; baseline 0.003 -10"><span class='ocrx_word' id='word_1_1' title='bbox 474 443 716 508; x_wconf 61' lang='lat' dir='ltr'><strong>brom</strong></span> <span class='ocrx_word' id='word_1_2' title='bbox 753 442 857 506; x_wconf 75' lang='lat' dir='ltr'><strong><em>m·</em></strong></span> <span class='ocrx_word' id='word_1_3' title='bbox 894 428 1282 508; x_wconf 65' lang='lat' dir='ltr'><strong><em>mmmm</em></strong></span> <span class='ocrx_word' id='word_1_4' title='bbox 1317 442 1646 512; x_wconf 71' lang='lat' dir='ltr'><strong><em>anem</em></strong></span> <span class='ocrx_word' id='word_1_5' title='bbox 1681 416 2215 516; x_wconf 66' lang='lat' dir='ltr'><strong>rammo‘rvu.</strong></span> <span class='ocrx_word' id='word_1_6' title='bbox 2370 446 2480 513; x_wconf 73' lang='lat' dir='ltr'><strong>ssi</strong></span> 
     </span>
    </p>
   </div>
   <div class='ocr_carea' id='block_1_2' title="bbox 70 631 2800 2396">
    <p class='ocr_par' dir='ltr' id='par_1_2' title="bbox 70 631 2800 2396">
     <span class='ocr_line' id='line_1_2' title="bbox 221 631 2583 732; baseline 0.002 -32"><span class='ocrx_word' id='word_1_7' title='bbox 221 631 349 706; x_wconf 76' lang='grc' dir='ltr'><strong><em>ἀλλ’</em></strong></span> <span class='ocrx_word' id='word_1_8' title='bbox 405 632 723 702; x_wconf 75' lang='grc' dir='ltr'><strong><em>ἀπολεῖται</em></strong></span> <span class='ocrx_word' id='word_1_9' title='bbox 775 633 1072 709; x_wconf 81' lang='grc' dir='ltr'><strong><em>κακῶς.”</em></strong></span> <span class='ocrx_word' id='word_1_10' title='bbox 1160 633 1200 703; x_wconf 99' lang='lat'><em>6</em></span> <span class='ocrx_word' id='word_1_11' title='bbox 1242 632 1363 723; x_wconf 70' lang='grc' dir='ltr'><strong><em>μὲν</em></strong></span> <span class='ocrx_word' id='word_1_12' title='bbox 1416 632 1535 704; x_wconf 79' lang='grc' dir='ltr'><strong><em>οὖν</em></strong></span> <span class='ocrx_word' id='word_1_13' title='bbox 1586 642 1780 706; x_wconf 83' lang='grc' dir='ltr'><strong><em>ταῦτα</em></strong></span> <span class='ocrx_word' id='word_1_14' title='bbox 1835 638 2231 732; x_wconf 84' lang='grc' dir='ltr'><strong><em>προείρηκεν.</em></strong></span> <span class='ocrx_word' id='word_1_15' title='bbox 2322 639 2362 709; x_wconf 99' lang='lat'><em>6</em></span> <span class='ocrx_word' id='word_1_16' title='bbox 2407 638 2481 709; x_wconf 65' lang='grc' dir='ltr'><strong><em>δὲ</em></strong></span> <span class='ocrx_word' id='word_1_17' title='bbox 2500 644 2583 706; x_wconf 85' lang='grc'><strong><em>10</em></strong></span> 
     </span>
     <span class='ocr_line' id='line_1_3' title="bbox 221 730 2483 832; baseline 0.004 -27"><span class='ocrx_word' id='word_1_18' title='bbox 221 739 581 828; x_wconf 88' lang='grc' dir='ltr'><strong><em>Βαρδάνιος</em></strong></span> <span class='ocrx_word' id='word_1_19' title='bbox 624 737 971 829; x_wconf 75' lang='grc' dir='ltr'><strong><em>ἀπιστήσας</em></strong></span> <span class='ocrx_word' id='word_1_20' title='bbox 1015 739 1197 826; x_wconf 77' lang='grc' dir='ltr'><strong><em>αὐτῷ</em></strong></span> <span class='ocrx_word' id='word_1_21' title='bbox 1239 741 1557 828; x_wconf 74' lang='grc' dir='ltr'><strong><em>τυραννίδι</em></strong></span> <span class='ocrx_word' id='word_1_22' title='bbox 1592 742 2051 832; x_wconf 66' lang='grc' dir='ltr'><strong><em>ἐπικεχείρηκε·</em></strong></span> <span class='ocrx_word' id='word_1_23' title='bbox 2098 743 2172 812; x_wconf 85' lang='grc' dir='ltr'><strong><em>τὸ</em></strong></span> <span class='ocrx_word' id='word_1_24' title='bbox 2203 730 2264 819; x_wconf 80' lang='grc' dir='ltr'><strong><em>δ’</em></strong></span> <span class='ocrx_word' id='word_1_25' title='bbox 2282 744 2483 821; x_wconf 84' lang='grc' dir='ltr'><strong><em>ὄπως</em></strong></span> 
     </span>
     <span class='ocr_line' id='line_1_4' title="bbox 220 843 2482 937; baseline 0.001 -22"><span class='ocrx_word' id='word_1_26' title='bbox 220 847 337 916; x_wconf 83' lang='grc' dir='ltr'><strong><em>οὔκ</em></strong></span> <span class='ocrx_word' id='word_1_27' title='bbox 382 846 562 936; x_wconf 78' lang='grc' dir='ltr'><strong><em>ἔτυχε</em></strong></span> <span class='ocrx_word' id='word_1_28' title='bbox 604 850 717 932; x_wconf 88' lang='grc' dir='ltr'><strong><em>τῆς</em></strong></span> <span class='ocrx_word' id='word_1_29' title='bbox 759 843 1096 932; x_wconf 80' lang='grc' dir='ltr'><strong><em>βασιλείας,</em></strong></span> <span class='ocrx_word' id='word_1_30' title='bbox 1145 844 1459 914; x_wconf 78' lang='grc' dir='ltr'><strong><em>ἀλλὰκαὶ</em></strong></span> <span class='ocrx_word' id='word_1_31' title='bbox 1505 847 1777 936; x_wconf 73' lang='grc' dir='ltr'><strong><em>ἐξεκόπη</em></strong></span> <span class='ocrx_word' id='word_1_32' title='bbox 1822 847 1898 917; x_wconf 87' lang='grc' dir='ltr'><strong><em>τὰ</em></strong></span> <span class='ocrx_word' id='word_1_33' title='bbox 1939 850 2204 937; x_wconf 57' lang='grc' dir='ltr'><strong><em>ὄμματα,</em></strong></span> <span class='ocrx_word' id='word_1_34' title='bbox 2228 849 2337 918; x_wconf 78' lang='grc' dir='ltr'><strong><em>καὶ</em></strong></span> <span class='ocrx_word' id='word_1_35' title='bbox 2365 851 2482 919; x_wconf 81' lang='grc' dir='ltr'><strong><em>τοῦ</em></strong></span> 
     </span>
     <span class='ocr_line' id='line_1_5' title="bbox 217 948 2800 1040; baseline 0.002 -22"><span class='ocrx_word' id='word_1_36' title='bbox 217 949 490 1020; x_wconf 84' lang='grc' dir='ltr'><strong><em>πλούτου</em></strong></span> <span class='ocrx_word' id='word_1_37' title='bbox 522 950 835 1037; x_wconf 79' lang='grc' dir='ltr'><strong><em>ἐστέρητο,</em></strong></span> <span class='ocrx_word' id='word_1_38' title='bbox 868 948 994 1036; x_wconf 84' lang='grc' dir='ltr'><strong><em>ἤδη</em></strong></span> <span class='ocrx_word' id='word_1_39' title='bbox 1025 973 1139 1036; x_wconf 87' lang='grc' dir='ltr'><strong><em>μοι</em></strong></span> <span class='ocrx_word' id='word_1_40' title='bbox 1167 950 1635 1039; x_wconf 83' lang='grc' dir='ltr'><strong><em>προΐστόρηται.</em></strong></span> <span class='ocrx_word' id='word_1_41' title='bbox 1712 952 2088 1040; x_wconf 78' lang='grc' dir='ltr'><strong><em>βασιλεύσας</em></strong></span> <span class='ocrx_word' id='word_1_42' title='bbox 2119 953 2191 1022; x_wconf 78' lang='grc' dir='ltr'><strong><em>δὲ</em></strong></span> <span class='ocrx_word' id='word_1_43' title='bbox 2219 953 2259 1023; x_wconf 99' lang='lat'><em>6</em></span> <span class='ocrx_word' id='word_1_44' title='bbox 2287 953 2485 1023; x_wconf 84' lang='grc' dir='ltr'><strong><em>Λέων</em></strong></span> <span class='ocrx_word' id='word_1_45' title='bbox 2502 959 2578 1019; x_wconf 95' lang='grc'><strong><em>11</em></strong></span> <span class='ocrx_word' id='word_1_46' title='bbox 2618 959 2800 1022; x_wconf 65' lang='lat' dir='ltr'>1²11oe</span> 
     </span>
     <span class='ocr_line' id='line_1_6' title="bbox 170 1053 2481 1148; baseline 0.001 -24"><span class='ocrx_word' id='word_1_47' title='bbox 170 1068 202 1129; x_wconf 74' lang='lat' dir='ltr'><strong>b</strong></span> <span class='ocrx_word' id='word_1_48' title='bbox 219 1056 324 1124; x_wconf 87' lang='grc' dir='ltr'><strong><em>τὸν</em></strong></span> <span class='ocrx_word' id='word_1_49' title='bbox 368 1053 630 1142; x_wconf 72' lang='grc' dir='ltr'><strong><em>Μχαὴλ</em></strong></span> <span class='ocrx_word' id='word_1_50' title='bbox 681 1053 802 1140; x_wconf 77' lang='grc' dir='ltr'><strong><em>μὲν</em></strong></span> <span class='ocrx_word' id='word_1_51' title='bbox 857 1053 968 1120; x_wconf 87' lang='grc' dir='ltr'><strong><em>τὸν</em></strong></span> <span class='ocrx_word' id='word_1_52' title='bbox 1021 1054 1295 1141; x_wconf 82' lang='grc' dir='ltr'><strong><em>τραυλὸν</em></strong></span> <span class='ocrx_word' id='word_1_53' title='bbox 1356 1056 1686 1143; x_wconf 90' lang='grc' dir='ltr'><strong><em>πατρίκιον</em></strong></span> <span class='ocrx_word' id='word_1_54' title='bbox 1750 1058 1999 1146; x_wconf 76' lang='grc' dir='ltr'><strong><em>ἐτίμησε</em></strong></span> <span class='ocrx_word' id='word_1_55' title='bbox 2059 1058 2169 1126; x_wconf 78' lang='grc' dir='ltr'><strong><em>καὶ</em></strong></span> <span class='ocrx_word' id='word_1_56' title='bbox 2229 1054 2481 1148; x_wconf 89' lang='grc' dir='ltr'><strong><em>κόμητα</em></strong></span> 
     </span>
     <span class='ocr_line' id='line_1_7' title="bbox 221 1157 2581 1249; baseline 0.002 -26"><span class='ocrx_word' id='word_1_57' title='bbox 221 1167 328 1248; x_wconf 82' lang='grc' dir='ltr'><strong><em>τῆς</em></strong></span> <span class='ocrx_word' id='word_1_58' title='bbox 370 1163 502 1225; x_wconf 88' lang='grc' dir='ltr'><strong><em>τῶν</em></strong></span> <span class='ocrx_word' id='word_1_59' title='bbox 546 1158 937 1245; x_wconf 79' lang='grc' dir='ltr'><strong><em>ἕξκουβίτων</em></strong></span> <span class='ocrx_word' id='word_1_60' title='bbox 982 1158 1237 1247; x_wconf 80' lang='grc' dir='ltr'><strong><em>σχολῆς,</em></strong></span> <span class='ocrx_word' id='word_1_61' title='bbox 1295 1157 1406 1227; x_wconf 80' lang='grc' dir='ltr'><strong><em>τὸν</em></strong></span> <span class='ocrx_word' id='word_1_62' title='bbox 1452 1159 1526 1228; x_wconf 84' lang='grc' dir='ltr'><strong><em>δέ</em></strong></span> <span class='ocrx_word' id='word_1_63' title='bbox 1570 1185 1640 1248; x_wconf 84' lang='grc' dir='ltr'><strong><em>γε</em></strong></span> <span class='ocrx_word' id='word_1_64' title='bbox 1693 1158 1963 1249; x_wconf 82' lang='grc' dir='ltr'><strong><em>Θωμᾶν,</em></strong></span> <span class='ocrx_word' id='word_1_65' title='bbox 2021 1163 2095 1237; x_wconf 82' lang='grc' dir='ltr'><strong><em>ὃς</em></strong></span> <span class='ocrx_word' id='word_1_66' title='bbox 2137 1162 2248 1231; x_wconf 76' lang='grc' dir='ltr'><strong><em>καὶ</em></strong></span> <span class='ocrx_word' id='word_1_67' title='bbox 2290 1162 2482 1238; x_wconf 79' lang='grc' dir='ltr'><strong><em>αὐτὸς</em></strong></span> <span class='ocrx_word' id='word_1_68' title='bbox 2500 1170 2581 1229; x_wconf 78' lang='lat'><strong><em>12</em></strong></span> 
     </span>
     <span class='ocr_line' id='line_1_8' title="bbox 220 1262 2481 1355; baseline 0.002 -24"><span class='ocrx_word' id='word_1_69' title='bbox 220 1264 297 1354; x_wconf 83' lang='grc' dir='ltr'><strong><em>ἦν</em></strong></span> <span class='ocrx_word' id='word_1_70' title='bbox 352 1262 440 1337; x_wconf 86' lang='grc' dir='ltr'><strong><em>εἷς</em></strong></span> <span class='ocrx_word' id='word_1_71' title='bbox 495 1266 627 1329; x_wconf 85' lang='grc' dir='ltr'><strong><em>τῶν</em></strong></span> <span class='ocrx_word' id='word_1_72' title='bbox 681 1268 777 1349; x_wconf 79' lang='grc' dir='ltr'><strong><em>τῷ</em></strong></span> <span class='ocrx_word' id='word_1_73' title='bbox 832 1262 1186 1350; x_wconf 85' lang='grc' dir='ltr'><strong><em>Βαρδανίῳ</em></strong></span> <span class='ocrx_word' id='word_1_74' title='bbox 1241 1262 1378 1331; x_wconf 89' lang='grc' dir='ltr'><strong><em>τότε</em></strong></span> <span class='ocrx_word' id='word_1_75' title='bbox 1441 1263 1552 1331; x_wconf 87' lang='grc' dir='ltr'><strong><em>τὸν</em></strong></span> <span class='ocrx_word' id='word_1_76' title='bbox 1613 1266 1809 1333; x_wconf 61' lang='lat' dir='ltr'><strong><em>&amp;mov</em></strong></span> <span class='ocrx_word' id='word_1_77' title='bbox 1869 1268 2481 1355; x_wconf 79' lang='grc' dir='ltr'><strong><em>παραστησαμένων,</em></strong></span> 
     </span>
     <span class='ocr_line' id='line_1_9' title="bbox 219 1367 2304 1459; baseline 0.002 -23"><span class='ocrx_word' id='word_1_78' title='bbox 219 1367 628 1456; x_wconf 88' lang='grc' dir='ltr'><strong><em>τουρμάρχην</em></strong></span> <span class='ocrx_word' id='word_1_79' title='bbox 671 1373 786 1436; x_wconf 83' lang='grc' dir='ltr'><strong><em>τοῦ</em></strong></span> <span class='ocrx_word' id='word_1_80' title='bbox 830 1368 1148 1455; x_wconf 84' lang='grc' dir='ltr'><strong><em>τάγματος</em></strong></span> <span class='ocrx_word' id='word_1_81' title='bbox 1192 1372 1323 1435; x_wconf 88' lang='grc' dir='ltr'><strong><em>τῶν</em></strong></span> <span class='ocrx_word' id='word_1_82' title='bbox 1368 1368 1771 1456; x_wconf 84' lang='grc' dir='ltr'><strong><em>φοιδεράτων</em></strong></span> <span class='ocrx_word' id='word_1_83' title='bbox 1812 1371 2304 1459; x_wconf 84' lang='grc' dir='ltr'><strong><em>προεχειρίσατο.</em></strong></span> 
     </span>
     <span class='ocr_line' id='line_1_10' title="bbox 410 1470 2582 1564; baseline 0 -22"><span class='ocrx_word' id='word_1_84' title='bbox 410 1474 561 1542; x_wconf 85' lang='grc' dir='ltr'><strong><em>Τῶν</em></strong></span> <span class='ocrx_word' id='word_1_85' title='bbox 603 1473 819 1561; x_wconf 88' lang='grc' dir='ltr'><strong><em>μέντοι</em></strong></span> <span class='ocrx_word' id='word_1_86' title='bbox 869 1472 1266 1560; x_wconf 85' lang='grc' dir='ltr'><strong><em>Βουλγάρων</em></strong></span> <span class='ocrx_word' id='word_1_87' title='bbox 1311 1472 1426 1560; x_wconf 85' lang='grc' dir='ltr'><strong><em>τὴν</em></strong></span> <span class='ocrx_word' id='word_1_88' title='bbox 1468 1470 1737 1563; x_wconf 83' lang='grc' dir='ltr'><strong><em>Θρᾴκην</em></strong></span> <span class='ocrx_word' id='word_1_89' title='bbox 1780 1474 2190 1564; x_wconf 79' lang='grc' dir='ltr'><strong><em>ληιζομένων,</em></strong></span> <span class='ocrx_word' id='word_1_90' title='bbox 2237 1476 2482 1564; x_wconf 85' lang='grc' dir='ltr'><strong><em>διεπρε-</em></strong></span> <span class='ocrx_word' id='word_1_91' title='bbox 2505 1483 2582 1542; x_wconf 80' lang='grc'><strong><em>18</em></strong></span> 
     </span>
     <span class='ocr_line' id='line_1_11' title="bbox 146 1576 2582 1668; baseline -0.001 -18"><span class='ocrx_word' id='word_1_92' title='bbox 146 1592 207 1650; x_wconf 84' lang='grc'><strong><em>10</em></strong></span> <span class='ocrx_word' id='word_1_93' title='bbox 225 1578 530 1668; x_wconf 84' lang='grc' dir='ltr'><strong><em>σβεύσατο</em></strong></span> <span class='ocrx_word' id='word_1_94' title='bbox 574 1577 741 1665; x_wconf 81' lang='grc' dir='ltr'><strong><em>πρὸς</em></strong></span> <span class='ocrx_word' id='word_1_95' title='bbox 783 1576 895 1647; x_wconf 81' lang='grc' dir='ltr'><strong><em>τὸν</em></strong></span> <span class='ocrx_word' id='word_1_96' title='bbox 940 1578 1155 1645; x_wconf 79' lang='grc' dir='ltr'><strong><em>αὐτῶν</em></strong></span> <span class='ocrx_word' id='word_1_97' title='bbox 1201 1576 1487 1666; x_wconf 79' lang='grc' dir='ltr'><strong><em>ἀρχηγὸν</em></strong></span> <span class='ocrx_word' id='word_1_98' title='bbox 1533 1578 1572 1645; x_wconf 91' lang='lat'><em>6</em></span> <span class='ocrx_word' id='word_1_99' title='bbox 1613 1578 1805 1647; x_wconf 86' lang='grc' dir='ltr'><strong><em>Λέων</em></strong></span> <span class='ocrx_word' id='word_1_100' title='bbox 1848 1578 1992 1667; x_wconf 78' lang='grc' dir='ltr'><strong><em>περὶ</em></strong></span> <span class='ocrx_word' id='word_1_101' title='bbox 2037 1580 2352 1649; x_wconf 88' lang='grc' dir='ltr'><strong><em>σπονδῶν.</em></strong></span> <span class='ocrx_word' id='word_1_102' title='bbox 2444 1579 2484 1649; x_wconf 99' lang='lat'><em>6</em></span> <span class='ocrx_word' id='word_1_103' title='bbox 2505 1587 2582 1648; x_wconf 75' lang='lat'><strong><em>14</em></strong></span> 
     </span>
     <span class='ocr_line' id='line_1_12' title="bbox 224 1681 2485 1772; baseline 0 -21"><span class='ocrx_word' id='word_1_104' title='bbox 224 1684 290 1751; x_wconf 80' lang='grc' dir='ltr'><strong><em>δὲ</em></strong></span> <span class='ocrx_word' id='word_1_105' title='bbox 330 1688 407 1772; x_wconf 83' lang='grc' dir='ltr'><strong><em>τῇ</em></strong></span> <span class='ocrx_word' id='word_1_106' title='bbox 453 1683 595 1771; x_wconf 81' lang='grc' dir='ltr'><strong><em>νίκῃ</em></strong></span> <span class='ocrx_word' id='word_1_107' title='bbox 643 1688 719 1772; x_wconf 81' lang='grc' dir='ltr'><strong><em>τῇ</em></strong></span> <span class='ocrx_word' id='word_1_108' title='bbox 766 1684 1034 1771; x_wconf 79' lang='grc' dir='ltr'><strong><em>ἔναγχος</em></strong></span> <span class='ocrx_word' id='word_1_109' title='bbox 1079 1681 1401 1770; x_wconf 72' lang='grc' dir='ltr'><strong><em>δγκωθεῖς</em></strong></span> <span class='ocrx_word' id='word_1_110' title='bbox 1433 1681 1559 1770; x_wconf 83' lang='grc' dir='ltr'><strong><em>’τὴν</em></strong></span> <span class='ocrx_word' id='word_1_111' title='bbox 1602 1683 1941 1771; x_wconf 83' lang='grc' dir='ltr'><strong><em>πρεσβείαν</em></strong></span> <span class='ocrx_word' id='word_1_112' title='bbox 1992 1681 2106 1771; x_wconf 84' lang='grc' dir='ltr'><strong><em>τὴν</em></strong></span> <span class='ocrx_word' id='word_1_113' title='bbox 2157 1683 2301 1771; x_wconf 76' lang='grc' dir='ltr'><strong><em>περὶ</em></strong></span> <span class='ocrx_word' id='word_1_114' title='bbox 2353 1687 2485 1752; x_wconf 87' lang='grc' dir='ltr'><strong><em>τῶν</em></strong></span> 
     </span>
     <span class='ocr_line' id='line_1_13' title="bbox 222 1776 2581 1875; baseline 0.001 -20"><span class='ocrx_word' id='word_1_115' title='bbox 222 1787 520 1855; x_wconf 79' lang='grc' dir='ltr'><strong><em>σπονδῶν</em></strong></span> <span class='ocrx_word' id='word_1_116' title='bbox 566 1787 646 1855; x_wconf 79' lang='grc' dir='ltr'><strong><em>οὔ</em></strong></span> <span class='ocrx_word' id='word_1_117' title='bbox 690 1789 1080 1874; x_wconf 83' lang='grc' dir='ltr'><strong><em>προσήκατο.</em></strong></span> <span class='ocrx_word' id='word_1_118' title='bbox 1174 1785 1415 1854; x_wconf 82' lang='grc' dir='ltr'><strong><em>οὐκοῦν</em></strong></span> <span class='ocrx_word' id='word_1_119' title='bbox 1456 1786 1925 1873; x_wconf 72' lang='grc' dir='ltr'><strong><em>ἐξεστράτευσεν</em></strong></span> <span class='ocrx_word' id='word_1_120' title='bbox 1954 1788 1993 1855; x_wconf 91' lang='lat'><em>6</em></span> <span class='ocrx_word' id='word_1_121' title='bbox 2023 1776 2314 1875; x_wconf 80' lang='grc' dir='ltr'><strong><em>βασιλεὺς</em></strong></span> <span class='ocrx_word' id='word_1_122' title='bbox 2342 1783 2482 1856; x_wconf 80' lang='grc' dir='ltr'><strong><em>κατ’</em></strong></span> <span class='ocrx_word' id='word_1_123' title='bbox 2506 1797 2581 1859; x_wconf 76' lang='lat'><strong><em>15</em></strong></span> 
     </span>
     <span class='ocr_line' id='line_1_14' title="bbox 223 1890 2486 1980; baseline 0 -20"><span class='ocrx_word' id='word_1_124' title='bbox 223 1893 436 1978; x_wconf 80' lang='grc' dir='ltr'><strong><em>αὐτοῦ,</em></strong></span> <span class='ocrx_word' id='word_1_125' title='bbox 502 1890 612 1959; x_wconf 77' lang='grc' dir='ltr'><strong><em>καὶ</em></strong></span> <span class='ocrx_word' id='word_1_126' title='bbox 677 1890 868 1965; x_wconf 71' lang='grc' dir='ltr'><strong><em>αὖθις</em></strong></span> <span class='ocrx_word' id='word_1_127' title='bbox 922 1892 963 1977; x_wconf 83' lang='grc' dir='ltr'><em>ἡ</em></span> <span class='ocrx_word' id='word_1_128' title='bbox 1018 1890 1159 1980; x_wconf 85' lang='grc' dir='ltr'><strong><em>νίκη</em></strong></span> <span class='ocrx_word' id='word_1_129' title='bbox 1217 1896 1346 1965; x_wconf 86' lang='grc' dir='ltr'><strong><em>τοῖς</em></strong></span> <span class='ocrx_word' id='word_1_130' title='bbox 1408 1891 1764 1979; x_wconf 75' lang='grc' dir='ltr'><strong><em>βαρβάροις</em></strong></span> <span class='ocrx_word' id='word_1_131' title='bbox 1827 1891 2163 1979; x_wconf 80' lang='grc' dir='ltr'><strong><em>ἐπεμειδία,</em></strong></span> <span class='ocrx_word' id='word_1_132' title='bbox 2225 1892 2335 1961; x_wconf 78' lang='grc' dir='ltr'><strong><em>καὶ</em></strong></span> <span class='ocrx_word' id='word_1_133' title='bbox 2397 1893 2486 1969; x_wconf 84' lang='grc' dir='ltr'><strong><em>είς</em></strong></span> 
     </span>
     <span class='ocr_line' id='line_1_15' title="bbox 222 1994 2486 2084; baseline 0.002 -23"><span class='ocrx_word' id='word_1_134' title='bbox 222 1994 432 2083; x_wconf 83' lang='grc' dir='ltr'><strong><em>φυγὴν</em></strong></span> <span class='ocrx_word' id='word_1_135' title='bbox 478 1994 838 2062; x_wconf 77' lang='grc' dir='ltr'><strong><em>ἀπιδόντων</em></strong></span> <span class='ocrx_word' id='word_1_136' title='bbox 865 1994 1227 2081; x_wconf 89' lang='grc' dir='ltr'><strong><em>Ῥωμαίων,</em></strong></span> <span class='ocrx_word' id='word_1_137' title='bbox 1276 1995 1551 2063; x_wconf 75' lang='grc' dir='ltr'><strong><em>ἐδίωκον</em></strong></span> <span class='ocrx_word' id='word_1_138' title='bbox 1597 1997 1660 2062; x_wconf 78' lang='grc' dir='ltr'><strong><em>οἱ</em></strong></span> <span class='ocrx_word' id='word_1_139' title='bbox 1701 1996 2021 2084; x_wconf 88' lang='grc' dir='ltr'><strong><em>βάρβαροι</em></strong></span> <span class='ocrx_word' id='word_1_140' title='bbox 2066 1998 2332 2065; x_wconf 72' lang='grc' dir='ltr'><strong><em>ὄπισθεν</em></strong></span> <span class='ocrx_word' id='word_1_141' title='bbox 2375 1996 2486 2065; x_wconf 76' lang='grc' dir='ltr'><strong><em>καὶ</em></strong></span> 
     </span>
     <span class='ocr_line' id='line_1_16' title="bbox 144 2097 2675 2188; baseline 0.001 -22"><span class='ocrx_word' id='word_1_142' title='bbox 144 2115 203 2173; x_wconf 80' lang='lat'><strong><em>15</em></strong></span> <span class='ocrx_word' id='word_1_143' title='bbox 222 2104 787 2188; x_wconf 77' lang='grc' dir='ltr'><strong><em>καταφρονητικῶς</em></strong></span> <span class='ocrx_word' id='word_1_144' title='bbox 826 2098 1202 2185; x_wconf 81' lang='grc' dir='ltr'><strong><em>διακείμενοι</em></strong></span> <span class='ocrx_word' id='word_1_145' title='bbox 1251 2099 1329 2166; x_wconf 86' lang='grc' dir='ltr'><strong><em>οὗ</em></strong></span> <span class='ocrx_word' id='word_1_146' title='bbox 1374 2098 1537 2167; x_wconf 84' lang='grc' dir='ltr'><strong><em>κατὰ</em></strong></span> <span class='ocrx_word' id='word_1_147' title='bbox 1583 2099 1832 2186; x_wconf 81' lang='grc' dir='ltr'><strong><em>κόσμον</em></strong></span> <span class='ocrx_word' id='word_1_148' title='bbox 1876 2097 2016 2167; x_wconf 80' lang='grc' dir='ltr'><strong><em>οὐδ’</em></strong></span> <span class='ocrx_word' id='word_1_149' title='bbox 2050 2102 2485 2177; x_wconf 84' lang='grc' dir='ltr'><strong><em>εὖσυντάκτως</em></strong></span> <span class='ocrx_word' id='word_1_150' title='bbox 2604 2139 2611 2145; x_wconf 91' lang='grc'><em>·</em></span> <span class='ocrx_word' id='word_1_151' title='bbox 2669 2128 2675 2135; x_wconf 91' lang='grc'><em>·</em></span> 
     </span>
     <span class='ocr_line' id='line_1_17' title="bbox 222 2202 2800 2291; baseline 0.001 -20"><span class='ocrx_word' id='word_1_152' title='bbox 222 2205 508 2282; x_wconf 72' lang='grc' dir='ltr'><strong><em>ἐδίωκον,</em></strong></span> <span class='ocrx_word' id='word_1_153' title='bbox 574 2202 730 2270; x_wconf 84' lang='grc' dir='ltr'><strong><em>ἀλλὰ</em></strong></span> <span class='ocrx_word' id='word_1_154' title='bbox 785 2203 1013 2270; x_wconf 78' lang='grc' dir='ltr'><strong><em>ἄλλοσέ</em></strong></span> <span class='ocrx_word' id='word_1_155' title='bbox 1063 2227 1173 2270; x_wconf 87' lang='grc' dir='ltr'><strong><em>ποι</em></strong></span> <span class='ocrx_word' id='word_1_156' title='bbox 1226 2204 1400 2271; x_wconf 80' lang='grc' dir='ltr'><strong><em>ἄλλοι</em></strong></span> <span class='ocrx_word' id='word_1_157' title='bbox 1456 2202 1965 2291; x_wconf 74' lang='grc' dir='ltr'><strong><em>σκεδαννύμενοι.</em></strong></span> <span class='ocrx_word' id='word_1_158' title='bbox 2055 2211 2240 2273; x_wconf 86' lang='grc' dir='ltr'><strong><em>τοῦτο</em></strong></span> <span class='ocrx_word' id='word_1_159' title='bbox 2285 2230 2478 2273; x_wconf 86' lang='grc' dir='ltr'><strong><em>κατα·</em></strong></span> <span class='ocrx_word' id='word_1_160' title='bbox 2501 2215 2637 2274; x_wconf 76' lang='grc'><strong><em>163</em></strong></span> <span class='ocrx_word' id='word_1_161' title='bbox 2656 2214 2800 2276; x_wconf 84' lang='lat' dir='ltr'><strong><em>wnn</em></strong></span> 
     </span>
     <span class='ocr_line' id='line_1_18' title="bbox 70 2306 2480 2396; baseline 0 -20"><span class='ocrx_word' id='word_1_162' title='bbox 70 2325 203 2382; x_wconf 76' lang='lat'><strong>11381</strong></span> <span class='ocrx_word' id='word_1_163' title='bbox 220 2311 454 2396; x_wconf 85' lang='grc' dir='ltr'><strong><em>νοήσας</em></strong></span> <span class='ocrx_word' id='word_1_164' title='bbox 499 2309 538 2376; x_wconf 91' lang='lat'><em>6</em></span> <span class='ocrx_word' id='word_1_165' title='bbox 582 2306 880 2395; x_wconf 87' lang='grc' dir='ltr'><strong><em>βασιλεύς</em></strong></span> <span class='ocrx_word' id='word_1_166' title='bbox 929 2306 1133 2393; x_wconf 80' lang='grc' dir='ltr'><strong><em>(ἔτυχε</em></strong></span> <span class='ocrx_word' id='word_1_167' title='bbox 1177 2306 1300 2395; x_wconf 85' lang='grc' dir='ltr'><strong><em>γὰρ</em></strong></span> <span class='ocrx_word' id='word_1_168' title='bbox 1347 2306 1449 2374; x_wconf 77' lang='grc' dir='ltr'><strong><em>ἐπὶ</em></strong></span> <span class='ocrx_word' id='word_1_169' title='bbox 1492 2308 1821 2394; x_wconf 85' lang='grc' dir='ltr'><strong><em>μετεώρου</em></strong></span> <span class='ocrx_word' id='word_1_170' title='bbox 1865 2307 2064 2375; x_wconf 87' lang='grc' dir='ltr'><strong><em>τόπου</em></strong></span> <span class='ocrx_word' id='word_1_171' title='bbox 2099 2307 2322 2393; x_wconf 81' lang='grc' dir='ltr'><strong><em>ἑστώς)</em></strong></span> <span class='ocrx_word' id='word_1_172' title='bbox 2371 2308 2480 2376; x_wconf 78' lang='grc' dir='ltr'><strong><em>καὶ</em></strong></span> 
     </span>
    </p>
   </div>
   <div class='ocr_carea' id='block_1_3' title="bbox 218 2523 2480 2743">
    <p class='ocr_par' dir='ltr' id='par_1_3' title="bbox 218 2523 2480 2743">
     <span class='ocr_line' id='line_1_19' title="bbox 219 2523 2478 2598; baseline -0 -15"><span class='ocrx_word' id='word_1_173' title='bbox 219 2527 253 2583; x_wconf 86' lang='grc'>9</span> <span class='ocrx_word' id='word_1_174' title='bbox 286 2528 362 2582; x_wconf 83' lang='grc' dir='ltr'><strong><em>ὅτι</em></strong></span> <span class='ocrx_word' id='word_1_175' title='bbox 409 2524 533 2597; x_wconf 72' lang='grc' dir='ltr'><strong><em>περὶ</em></strong></span> <span class='ocrx_word' id='word_1_176' title='bbox 579 2525 831 2581; x_wconf 85' lang='grc' dir='ltr'><strong><em>σπονδῶν</em></strong></span> <span class='ocrx_word' id='word_1_177' title='bbox 875 2523 1431 2597; x_wconf 82' lang='grc' dir='ltr'><strong><em>διαπρεσβευσάμενος</em></strong></span> <span class='ocrx_word' id='word_1_178' title='bbox 1468 2524 1501 2579; x_wconf 90' lang='lat'><em>6</em></span> <span class='ocrx_word' id='word_1_179' title='bbox 1536 2524 1696 2581; x_wconf 76' lang='grc' dir='ltr'><strong><em>Λέων</em></strong></span> <span class='ocrx_word' id='word_1_180' title='bbox 1729 2523 1864 2597; x_wconf 74' lang='grc' dir='ltr'><strong><em>πρὸς</em></strong></span> <span class='ocrx_word' id='word_1_181' title='bbox 1908 2523 1998 2581; x_wconf 75' lang='grc' dir='ltr'><strong><em>τόν</em></strong></span> <span class='ocrx_word' id='word_1_182' title='bbox 2033 2524 2265 2598; x_wconf 74' lang='grc' dir='ltr'><strong><em>ἄρχοντα</em></strong></span> <span class='ocrx_word' id='word_1_183' title='bbox 2301 2526 2478 2584; x_wconf 86' lang='grc' dir='ltr'><strong><em>Βουλ-</em></strong></span> 
     </span>
     <span class='ocr_line' id='line_1_20' title="bbox 218 2595 2480 2671; baseline 0 -17"><span class='ocrx_word' id='word_1_184' title='bbox 218 2599 396 2671; x_wconf 78' lang='grc' dir='ltr'><strong><em>γάρων</em></strong></span> <span class='ocrx_word' id='word_1_185' title='bbox 425 2596 538 2654; x_wconf 70' lang='grc' dir='ltr'><strong><em>ἐπεὶ</em></strong></span> <span class='ocrx_word' id='word_1_186' title='bbox 573 2597 676 2654; x_wconf 82' lang='grc' dir='ltr'><strong><em>οὔκ</em></strong></span> <span class='ocrx_word' id='word_1_187' title='bbox 711 2597 930 2669; x_wconf 75' lang='grc' dir='ltr'><strong><em>ἐδέχθη,</em></strong></span> <span class='ocrx_word' id='word_1_188' title='bbox 967 2595 1336 2668; x_wconf 74' lang='grc' dir='ltr'><strong><em>ἐξεστράτευσε</em></strong></span> <span class='ocrx_word' id='word_1_189' title='bbox 1362 2595 1482 2654; x_wconf 81' lang='grc' dir='ltr'><strong><em>κατ’</em></strong></span> <span class='ocrx_word' id='word_1_190' title='bbox 1507 2596 1715 2655; x_wconf 64' lang='grc' dir='ltr'><strong><em>ἐκείνου</em></strong></span> <span class='ocrx_word' id='word_1_191' title='bbox 1740 2597 1839 2666; x_wconf 45' lang='grc' dir='ltr'><strong><em>καὶ,</em></strong></span> <span class='ocrx_word' id='word_1_192' title='bbox 1857 2597 2101 2670; x_wconf 72' lang='grc' dir='ltr'><strong><em>ἐνίκησεν</em></strong></span> <span class='ocrx_word' id='word_1_193' title='bbox 2127 2597 2190 2670; x_wconf 86' lang='grc' dir='ltr'><strong><em>Ο,</em></strong></span> <span class='ocrx_word' id='word_1_194' title='bbox 2228 2600 2376 2662; x_wconf 78' lang='grc' dir='ltr'><strong><em>ὄπως</em></strong></span> <span class='ocrx_word' id='word_1_195' title='bbox 2398 2599 2480 2665; x_wconf 68' lang='grc' dir='ltr'><strong><em>ἐξ·</em></strong></span> 
     </span>
     <span class='ocr_line' id='line_1_21' title="bbox 218 2669 2099 2743; baseline -0.001 -16"><span class='ocrx_word' id='word_1_196' title='bbox 218 2671 519 2743; x_wconf 86' lang='grc' dir='ltr'><strong><em>εστράτευσε</em></strong></span> <span class='ocrx_word' id='word_1_197' title='bbox 556 2669 675 2728; x_wconf 84' lang='grc' dir='ltr'><strong><em>κατ’</em></strong></span> <span class='ocrx_word' id='word_1_198' title='bbox 712 2669 938 2726; x_wconf 64' lang='grc' dir='ltr'><strong><em>ἐκείνων</em></strong></span> <span class='ocrx_word' id='word_1_199' title='bbox 974 2669 1065 2727; x_wconf 73' lang='grc' dir='ltr'><strong><em>καί</em></strong></span> <span class='ocrx_word' id='word_1_200' title='bbox 1102 2669 1349 2741; x_wconf 74' lang='grc' dir='ltr'><strong><em>ἐνίκησεν</em></strong></span> <span class='ocrx_word' id='word_1_201' title='bbox 1386 2669 1439 2725; x_wconf 78' lang='grc' dir='ltr'>Ε</span> <span class='ocrx_word' id='word_1_202' title='bbox 2094 2690 2099 2698; x_wconf 84' lang='grc'><em>·</em></span> 
     </span>
    </p>
   </div>
   <div class='ocr_carea' id='block_1_4' title="bbox 316 2865 2577 3448">
    <p class='ocr_par' dir='ltr' id='par_1_4' title="bbox 316 2865 2577 3448">
     <span class='ocr_line' id='line_1_22' title="bbox 319 2865 2476 2943; baseline 0 -17"><span class='ocrx_word' id='word_1_203' title='bbox 319 2868 355 2926; x_wconf 82' lang='grc'>2</span> <span class='ocrx_word' id='word_1_204' title='bbox 388 2871 460 2943; x_wconf 83' lang='grc' dir='ltr'><strong><em>βα</em></strong></span> <span class='ocrx_word' id='word_1_205' title='bbox 498 2868 665 2941; x_wconf 79' lang='grc' dir='ltr'><strong><em>δάνης</em></strong></span> <span class='ocrx_word' id='word_1_206' title='bbox 705 2866 810 2927; x_wconf 82' lang='lat' dir='ltr'><strong><em>Ow</em></strong></span> <span class='ocrx_word' id='word_1_207' title='bbox 858 2910 871 2940; x_wconf 91' lang='lat'><strong>,</strong></span> <span class='ocrx_word' id='word_1_208' title='bbox 912 2883 971 2927; x_wconf 80' lang='lat' dir='ltr'><strong><em>v.</em></strong></span> <span class='ocrx_word' id='word_1_209' title='bbox 1009 2865 1088 2925; x_wconf 77' lang='lat' dir='ltr'><strong><em>ad</em></strong></span> <span class='ocrx_word' id='word_1_210' title='bbox 1128 2865 1237 2925; x_wconf 86' lang='lat' dir='ltr'><strong><em>XV</em></strong></span> <span class='ocrx_word' id='word_1_211' title='bbox 1279 2866 1363 2938; x_wconf 79' lang='lat'><strong><em>19,</em></strong></span> <span class='ocrx_word' id='word_1_212' title='bbox 1402 2868 1439 2924; x_wconf 87' lang='grc'><strong>4</strong></span> <span class='ocrx_word' id='word_1_213' title='bbox 1607 2865 1910 2943; x_wconf 73' lang='grc' dir='ltr'><strong><em>άποστήσας</em></strong></span> <span class='ocrx_word' id='word_1_214' title='bbox 1950 2867 1996 2927; x_wconf 79' lang='grc' dir='ltr'>Ε</span> <span class='ocrx_word' id='word_1_215' title='bbox 2164 2868 2201 2926; x_wconf 82' lang='lat'>4</span> <span class='ocrx_word' id='word_1_216' title='bbox 2235 2869 2476 2942; x_wconf 70' lang='grc' dir='ltr'><strong><em>προϊστό·</em></strong></span> 
     </span>
     <span class='ocr_line' id='line_1_23' title="bbox 337 2937 2577 3014; baseline 0.002 -19"><span class='ocrx_word' id='word_1_217' title='bbox 337 2962 471 3013; x_wconf 76' lang='grc' dir='ltr'><strong><em>ιηται</em></strong></span> <span class='ocrx_word' id='word_1_218' title='bbox 536 2941 662 2999; x_wconf 55' lang='grc' dir='ltr'><strong><em>ΧΨ</em></strong></span> <span class='ocrx_word' id='word_1_219' title='bbox 689 2941 771 3012; x_wconf 87' lang='grc'><strong><em>14,</em></strong></span> <span class='ocrx_word' id='word_1_220' title='bbox 821 2977 822 2980; x_wconf 63' lang='lat'><em>=</em></span> <span class='ocrx_word' id='word_1_221' title='bbox 861 2956 938 2998; x_wconf 76' lang='lat' dir='ltr'><strong><em>ss.</em></strong></span> <span class='ocrx_word' id='word_1_222' title='bbox 1084 2940 1134 2996; x_wconf 87' lang='grc' dir='ltr'><strong><em>δ’</em></strong></span> <span class='ocrx_word' id='word_1_223' title='bbox 1175 2937 1221 2998; x_wconf 86' lang='lat' dir='ltr'>C</span> <span class='ocrx_word' id='word_1_224' title='bbox 1367 2939 1402 2997; x_wconf 75' lang='grc' dir='ltr'>ὁ</span> <span class='ocrx_word' id='word_1_225' title='bbox 1440 2938 1529 2997; x_wconf 82' lang='grc' dir='ltr'><strong><em>τδν</em></strong></span> <span class='ocrx_word' id='word_1_226' title='bbox 1563 2939 1664 3012; x_wconf 68' lang='grc' dir='ltr'><strong><em>μὲν</em></strong></span> <span class='ocrx_word' id='word_1_227' title='bbox 1700 2939 1926 3013; x_wconf 89' lang='grc' dir='ltr'><strong><em>τραυλδν</em></strong></span> <span class='ocrx_word' id='word_1_228' title='bbox 1959 2938 2159 3014; x_wconf 79' lang='grc' dir='ltr'><strong><em>μιχαῆλ</em></strong></span> <span class='ocrx_word' id='word_1_229' title='bbox 2194 2942 2476 3013; x_wconf 77' lang='grc' dir='ltr'><strong><em>πατρίκιον</em></strong></span> <span class='ocrx_word' id='word_1_230' title='bbox 2572 2944 2577 2948; x_wconf 77' lang='grc'><strong>’</strong></span> 
     </span>
     <span class='ocr_line' id='line_1_24' title="bbox 376 3011 2477 3087; baseline 0 -18"><span class='ocrx_word' id='word_1_231' title='bbox 376 3030 425 3070; x_wconf 88' lang='lat' dir='ltr'>w</span> <span class='ocrx_word' id='word_1_232' title='bbox 452 3031 486 3084; x_wconf 74' lang='grc' dir='ltr'><strong><em>ι,</em></strong></span> <span class='ocrx_word' id='word_1_233' title='bbox 525 3012 849 3087; x_wconf 83' lang='grc' dir='ltr'><strong><em>τδν.μιχαὴλ</em></strong></span> <span class='ocrx_word' id='word_1_234' title='bbox 884 3011 983 3083; x_wconf 67' lang='grc' dir='ltr'><strong><em>μὲν</em></strong></span> <span class='ocrx_word' id='word_1_235' title='bbox 1020 3033 1048 3069; x_wconf 90' lang='grc' dir='ltr'><strong><em>τ</em></strong></span> <span class='ocrx_word' id='word_1_236' title='bbox 1084 3011 1245 3069; x_wconf 85' lang='grc' dir='ltr'><strong><em>αυλδν</em></strong></span> <span class='ocrx_word' id='word_1_237' title='bbox 1279 3013 1561 3083; x_wconf 86' lang='grc' dir='ltr'><strong><em>πατρίκιον</em></strong></span> <span class='ocrx_word' id='word_1_238' title='bbox 1603 3012 1651 3069; x_wconf 88' lang='grc' dir='ltr'>Ε</span> <span class='ocrx_word' id='word_1_239' title='bbox 1807 3013 1843 3069; x_wconf 82' lang='grc'><strong>6</strong></span> <span class='ocrx_word' id='word_1_240' title='bbox 1880 3020 1973 3087; x_wconf 81' lang='grc' dir='ltr'><strong><em>τῆς</em></strong></span> <span class='ocrx_word' id='word_1_241' title='bbox 2012 3029 2126 3070; x_wconf 88' lang='lat' dir='ltr'><strong><em>om.</em></strong></span> <span class='ocrx_word' id='word_1_242' title='bbox 2149 3012 2196 3069; x_wconf 83' lang='lat' dir='ltr'>B</span> <span class='ocrx_word' id='word_1_243' title='bbox 2331 3013 2364 3072; x_wconf 85' lang='grc'><strong>7</strong></span> <span class='ocrx_word' id='word_1_244' title='bbox 2401 3013 2477 3077; x_wconf 71' lang='grc' dir='ltr'><strong><em>εἷς</em></strong></span> 
     </span>
     <span class='ocr_line' id='line_1_25' title="bbox 318 3032 2477 3159; baseline 0.001 -19"><span class='ocrx_word' id='word_1_245' title='bbox 318 3085 386 3159; x_wconf 79' lang='grc' dir='ltr'><strong><em>ἧν</em></strong></span> <span class='ocrx_word' id='word_1_246' title='bbox 448 3086 572 3158; x_wconf 73' lang='lat' dir='ltr'><strong><em>twp</em></strong></span> <span class='ocrx_word' id='word_1_247' title='bbox 618 3113 622 3118; x_wconf 94' lang='lat'><em>·</em></span> <span class='ocrx_word' id='word_1_248' title='bbox 711 3086 999 3158; x_wconf 77' lang='grc' dir='ltr'><strong><em>’βαρδάνῃ</em></strong></span> <span class='ocrx_word' id='word_1_249' title='bbox 1039 3032 1206 3156; x_wconf 60' lang='grc' dir='ltr'><strong><em>(ρὴνρ,</em></strong></span> <span class='ocrx_word' id='word_1_250' title='bbox 1253 3100 1309 3142; x_wconf 85' lang='lat' dir='ltr'><strong><em>v.</em></strong></span> <span class='ocrx_word' id='word_1_251' title='bbox 1350 3084 1430 3141; x_wconf 85' lang='lat' dir='ltr'><strong><em>ad</em></strong></span> <span class='ocrx_word' id='word_1_252' title='bbox 1471 3100 1558 3142; x_wconf 84' lang='lat' dir='ltr'><strong><em>vs.</em></strong></span> <span class='ocrx_word' id='word_1_253' title='bbox 1594 3084 1630 3141; x_wconf 80' lang='lat'><strong>2</strong></span> <span class='ocrx_word' id='word_1_254' title='bbox 1815 3086 1930 3141; x_wconf 77' lang='grc' dir='ltr'><strong><em>τότε</em></strong></span> <span class='ocrx_word' id='word_1_255' title='bbox 1969 3100 2084 3143; x_wconf 89' lang='lat' dir='ltr'><strong><em>om.</em></strong></span> <span class='ocrx_word' id='word_1_256' title='bbox 2123 3083 2172 3142; x_wconf 93' lang='grc' dir='ltr'>Ο</span> <span class='ocrx_word' id='word_1_257' title='bbox 2341 3089 2477 3158; x_wconf 86' lang='lat' dir='ltr'><strong>post</strong></span> 
     </span>
     <span class='ocr_line' id='line_1_26' title="bbox 316 3155 2476 3231; baseline -0 -17"><span class='ocrx_word' id='word_1_258' title='bbox 316 3177 609 3230; x_wconf 83' lang='grc' dir='ltr'><strong><em>παραστησ.</em></strong></span> <span class='ocrx_word' id='word_1_259' title='bbox 637 3156 776 3216; x_wconf 77' lang='lat' dir='ltr'><strong><em>add.</em></strong></span> <span class='ocrx_word' id='word_1_260' title='bbox 804 3157 889 3214; x_wconf 67' lang='grc' dir='ltr'><strong><em>ἐπὶ</em></strong></span> <span class='ocrx_word' id='word_1_261' title='bbox 914 3166 1007 3231; x_wconf 79' lang='grc' dir='ltr'><strong><em>τῆς</em></strong></span> <span class='ocrx_word' id='word_1_262' title='bbox 1032 3156 1308 3218; x_wconf 84' lang='grc' dir='ltr'><strong><em>κατοικίας</em></strong></span> <span class='ocrx_word' id='word_1_263' title='bbox 1333 3163 1425 3212; x_wconf 81' lang='grc' dir='ltr'><strong><em>τοῦ</em></strong></span> <span class='ocrx_word' id='word_1_264' title='bbox 1492 3163 1693 3229; x_wconf 80' lang='grc' dir='ltr'><strong><em>οναχοῦ</em></strong></span> <span class='ocrx_word' id='word_1_265' title='bbox 1721 3155 1870 3231; x_wconf 83' lang='lat' dir='ltr'>pr</span> <span class='ocrx_word' id='word_1_266' title='bbox 2004 3157 2041 3214; x_wconf 87' lang='grc'>8</span> <span class='ocrx_word' id='word_1_267' title='bbox 2076 3156 2390 3230; x_wconf 79' lang='grc' dir='ltr'><strong><em>τουρμάχην</em></strong></span> <span class='ocrx_word' id='word_1_268' title='bbox 2426 3156 2476 3213; x_wconf 88' lang='grc' dir='ltr'><em>Β</em></span> 
     </span>
     <span class='ocr_line' id='line_1_27' title="bbox 322 3227 2476 3304; baseline 0.001 -19"><span class='ocrx_word' id='word_1_269' title='bbox 322 3229 390 3285; x_wconf 90' lang='grc'><strong><em>10</em></strong></span> <span class='ocrx_word' id='word_1_270' title='bbox 403 3230 615 3303; x_wconf 77' lang='grc' dir='ltr'><strong><em>εἰρήνης</em></strong></span> <span class='ocrx_word' id='word_1_271' title='bbox 636 3229 685 3288; x_wconf 93' lang='grc' dir='ltr'><strong>Ο</strong></span> <span class='ocrx_word' id='word_1_272' title='bbox 803 3229 867 3286; x_wconf 92' lang='grc'><strong><em>11</em></strong></span> <span class='ocrx_word' id='word_1_273' title='bbox 891 3237 955 3302; x_wconf 78' lang='grc' dir='ltr'><strong><em>τῇ</em></strong></span> <span class='ocrx_word' id='word_1_274' title='bbox 974 3228 1442 3302; x_wconf 77' lang='grc' dir='ltr'><strong><em>νίκῃ-όγκωθείς</em></strong></span> <span class='ocrx_word' id='word_1_275' title='bbox 1482 3229 1904 3302; x_wconf 74' lang='grc' dir='ltr'><strong><em>πεφυσημένοςτ</em></strong></span> <span class='ocrx_word' id='word_1_276' title='bbox 1960 3230 2049 3287; x_wconf 88' lang='grc' dir='ltr'><strong><em>νίκ</em></strong></span> <span class='ocrx_word' id='word_1_277' title='bbox 2108 3237 2170 3304; x_wconf 76' lang='grc' dir='ltr'><strong><em>τῇ</em></strong></span> <span class='ocrx_word' id='word_1_278' title='bbox 2187 3229 2406 3302; x_wconf 70' lang='grc' dir='ltr'><strong><em>ἔναγχος</em></strong></span> <span class='ocrx_word' id='word_1_279' title='bbox 2426 3227 2476 3287; x_wconf 91' lang='grc' dir='ltr'><strong>Ο</strong></span> 
     </span>
     <span class='ocr_line' id='line_1_28' title="bbox 320 3300 2556 3395; baseline -0 -38"><span class='ocrx_word' id='word_1_280' title='bbox 320 3301 388 3358; x_wconf 83' lang='grc'><strong><em>12</em></strong></span> <span class='ocrx_word' id='word_1_281' title='bbox 424 3304 678 3366; x_wconf 68' lang='grc' dir='ltr'><strong><em>σπονδῶν</em></strong></span> <span class='ocrx_word' id='word_1_282' title='bbox 716 3302 789 3373; x_wconf 88' lang='lat' dir='ltr'><strong><em>D,</em></strong></span> <span class='ocrx_word' id='word_1_283' title='bbox 828 3317 983 3359; x_wconf 90' lang='lat' dir='ltr'><strong>corr.</strong></span> <span class='ocrx_word' id='word_1_284' title='bbox 1004 3300 1109 3361; x_wconf 85' lang='lat' dir='ltr'><strong><em>Dw</em></strong></span> <span class='ocrx_word' id='word_1_285' title='bbox 1242 3300 1308 3358; x_wconf 90' lang='grc'><strong><em>16</em></strong></span> <span class='ocrx_word' id='word_1_286' title='bbox 1344 3322 1418 3373; x_wconf 82' lang='grc' dir='ltr'><strong><em>πη</em></strong></span> <span class='ocrx_word' id='word_1_287' title='bbox 1459 3301 1609 3374; x_wconf 83' lang='lat' dir='ltr'>pr</span> <span class='ocrx_word' id='word_1_288' title='bbox 1721 3301 1852 3375; x_wconf 77' lang='grc' dir='ltr'><strong><em>ἄλλη</em></strong></span> <span class='ocrx_word' id='word_1_289' title='bbox 1950 3343 1966 3395; x_wconf 75' lang='lat'><strong>,</strong></span> <span class='ocrx_word' id='word_1_290' title='bbox 2004 3302 2041 3359; x_wconf 77' lang='grc' dir='ltr'>ἅ</span> <span class='ocrx_word' id='word_1_291' title='bbox 2071 3302 2153 3358; x_wconf 81' lang='grc' dir='ltr'><strong><em>λοι</em></strong></span> <span class='ocrx_word' id='word_1_292' title='bbox 2194 3317 2351 3361; x_wconf 82' lang='lat' dir='ltr'><strong>corr.</strong></span> <span class='ocrx_word' id='word_1_293' title='bbox 2372 3300 2476 3363; x_wconf 50' lang='grc' dir='ltr'><strong><em>Ι),</em></strong></span> <span class='ocrx_word' id='word_1_294' title='bbox 2550 3348 2556 3356; x_wconf 92' lang='lat'><em>.</em></span> 
     </span>
     <span class='ocr_line' id='line_1_29' title="bbox 320 3371 2200 3448; baseline 0.001 -18"><span class='ocrx_word' id='word_1_295' title='bbox 320 3374 386 3431; x_wconf 76' lang='lat'><strong><em>17</em></strong></span> <span class='ocrx_word' id='word_1_296' title='bbox 423 3374 589 3438; x_wconf 69' lang='grc' dir='ltr'><strong><em>ἔστώς</em></strong></span> <span class='ocrx_word' id='word_1_297' title='bbox 626 3375 733 3433; x_wconf 82' lang='lat' dir='ltr'><strong><em>AO</em></strong></span> <span class='ocrx_word' id='word_1_298' title='bbox 775 3373 950 3433; x_wconf 82' lang='lat' dir='ltr'><strong>Cedr.</strong></span> <span class='ocrx_word' id='word_1_299' title='bbox 992 3371 1280 3446; x_wconf 74' lang='lat' dir='ltr'><strong>(Seylitz.)</strong></span> <span class='ocrx_word' id='word_1_300' title='bbox 1321 3372 1379 3430; x_wconf 94' lang='lat'><strong><em>11</em></strong></span> <span class='ocrx_word' id='word_1_301' title='bbox 1418 3391 1476 3447; x_wconf 88' lang='lat' dir='ltr'><strong><em>p.</em></strong></span> <span class='ocrx_word' id='word_1_302' title='bbox 1513 3373 1601 3445; x_wconf 80' lang='lat'><strong><em>53,</em></strong></span> <span class='ocrx_word' id='word_1_303' title='bbox 1643 3372 1728 3445; x_wconf 82' lang='lat'><strong><em>12,</em></strong></span> <span class='ocrx_word' id='word_1_304' title='bbox 1764 3374 2010 3447; x_wconf 69' lang='grc' dir='ltr'><strong><em>ἕστηκως</em></strong></span> <span class='ocrx_word' id='word_1_305' title='bbox 2052 3373 2200 3448; x_wconf 83' lang='lat' dir='ltr'><strong><em>Ewp</em></strong></span> 
     </span>
    </p>
   </div>
   <div class='ocr_carea' id='block_1_5' title="bbox 103 3571 2575 4586">
    <p class='ocr_par' dir='ltr' id='par_1_5' title="bbox 217 3571 2575 4136">
     <span class='ocr_line' id='line_1_30' title="bbox 219 3571 2484 3661; baseline -0 -31"><span class='ocrx_word' id='word_1_306' title='bbox 219 3572 497 3632; x_wconf 85' lang='lat' dir='ltr'><strong>diadema</strong></span> <span class='ocrx_word' id='word_1_307' title='bbox 552 3575 667 3632; x_wconf 83' lang='lat' dir='ltr'><strong>sibi</strong></span> <span class='ocrx_word' id='word_1_308' title='bbox 724 3574 1022 3661; x_wconf 75' lang='lat' dir='ltr'><strong>imponet3</strong></span> <span class='ocrx_word' id='word_1_309' title='bbox 1088 3572 1198 3630; x_wconf 87' lang='lat' dir='ltr'><strong><em>sed</em></strong></span> <span class='ocrx_word' id='word_1_310' title='bbox 1254 3579 1400 3631; x_wconf 86' lang='lat' dir='ltr'><strong>voto</strong></span> <span class='ocrx_word' id='word_1_311' title='bbox 1456 3587 1569 3631; x_wconf 88' lang='lat' dir='ltr'><strong><em>suo</em></strong></span> <span class='ocrx_word' id='word_1_312' title='bbox 1632 3572 1929 3647; x_wconf 87' lang='lat' dir='ltr'><strong>deceptus</strong></span> <span class='ocrx_word' id='word_1_313' title='bbox 1982 3572 2143 3631; x_wconf 85' lang='lat' dir='ltr'><strong>male</strong></span> <span class='ocrx_word' id='word_1_314' title='bbox 2204 3571 2484 3647; x_wconf 58' lang='lat' dir='ltr'><strong>peribit?</strong></span> 
     </span>
     <span class='ocr_line' id='line_1_31' title="bbox 217 3643 2575 3720; baseline 0.002 -20"><span class='ocrx_word' id='word_1_315' title='bbox 217 3643 382 3704; x_wconf 86' lang='lat' dir='ltr'><strong>Haec</strong></span> <span class='ocrx_word' id='word_1_316' title='bbox 414 3648 517 3705; x_wconf 88' lang='lat' dir='ltr'><strong>ille</strong></span> <span class='ocrx_word' id='word_1_317' title='bbox 556 3645 878 3720; x_wconf 81' lang='lat' dir='ltr'><strong>praedixit.</strong></span> <span class='ocrx_word' id='word_1_318' title='bbox 942 3644 1063 3703; x_wconf 85' lang='lat' dir='ltr'><strong><em>Sed</em></strong></span> <span class='ocrx_word' id='word_1_319' title='bbox 1089 3645 1435 3702; x_wconf 84' lang='lat' dir='ltr'><strong>Bardanius</strong></span> <span class='ocrx_word' id='word_1_320' title='bbox 1462 3645 1582 3702; x_wconf 84' lang='lat' dir='ltr'><strong><em>fido</em></strong></span> <span class='ocrx_word' id='word_1_321' title='bbox 1609 3645 1664 3702; x_wconf 88' lang='lat' dir='ltr'><strong><em>ei</em></strong></span> <span class='ocrx_word' id='word_1_322' title='bbox 1691 3661 1817 3703; x_wconf 89' lang='lat' dir='ltr'><strong><em>non</em></strong></span> <span class='ocrx_word' id='word_1_323' title='bbox 1844 3645 2056 3702; x_wconf 82' lang='lat' dir='ltr'><strong>habita</strong></span> <span class='ocrx_word' id='word_1_324' title='bbox 2091 3645 2479 3719; x_wconf 79' lang='lat' dir='ltr'><strong>tyrannidem</strong></span> <span class='ocrx_word' id='word_1_325' title='bbox 2499 3645 2575 3704; x_wconf 80' lang='lat'><strong><em>10</em></strong></span> 
     </span>
     <span class='ocr_line' id='line_1_32' title="bbox 218 3717 2478 3792; baseline 0 -19"><span class='ocrx_word' id='word_1_326' title='bbox 218 3717 463 3792; x_wconf 78' lang='lat' dir='ltr'><strong>invasit3</strong></span> <span class='ocrx_word' id='word_1_327' title='bbox 521 3736 644 3791; x_wconf 90' lang='lat' dir='ltr'><strong><em>quo</em></strong></span> <span class='ocrx_word' id='word_1_328' title='bbox 692 3725 873 3791; x_wconf 87' lang='lat' dir='ltr'><strong>pacto</strong></span> <span class='ocrx_word' id='word_1_329' title='bbox 922 3725 1127 3775; x_wconf 84' lang='lat' dir='ltr'><strong>autem</strong></span> <span class='ocrx_word' id='word_1_330' title='bbox 1174 3734 1368 3791; x_wconf 81' lang='lat' dir='ltr'><strong>regno</strong></span> <span class='ocrx_word' id='word_1_331' title='bbox 1408 3718 1708 3775; x_wconf 80' lang='lat' dir='ltr'><strong>exciderit</strong></span> <span class='ocrx_word' id='word_1_332' title='bbox 1755 3722 1816 3775; x_wconf 85' lang='lat' dir='ltr'><strong><em>ot</em></strong></span> <span class='ocrx_word' id='word_1_333' title='bbox 1854 3719 2048 3775; x_wconf 87' lang='lat' dir='ltr'><strong>oculis</strong></span> <span class='ocrx_word' id='word_1_334' title='bbox 2091 3719 2169 3775; x_wconf 90' lang='lat' dir='ltr'><strong><em>sit</em></strong></span> <span class='ocrx_word' id='word_1_335' title='bbox 2208 3719 2478 3789; x_wconf 85' lang='lat' dir='ltr'><strong>orbatus,</strong></span> 
     </span>
     <span class='ocr_line' id='line_1_33' title="bbox 220 3789 2570 3863; baseline 0.001 -17"><span class='ocrx_word' id='word_1_336' title='bbox 220 3792 433 3863; x_wconf 89' lang='lat' dir='ltr'><strong>opibus</strong></span> <span class='ocrx_word' id='word_1_337' title='bbox 471 3794 654 3850; x_wconf 84' lang='lat' dir='ltr'><strong>etiam</strong></span> <span class='ocrx_word' id='word_1_338' title='bbox 695 3793 938 3863; x_wconf 81' lang='lat' dir='ltr'><strong>ereptis,</strong></span> <span class='ocrx_word' id='word_1_339' title='bbox 977 3796 1122 3848; x_wconf 88' lang='lat' dir='ltr'><strong>ante</strong></span> <span class='ocrx_word' id='word_1_340' title='bbox 1161 3806 1199 3847; x_wconf 86' lang='lat' dir='ltr'><strong>a</strong></span> <span class='ocrx_word' id='word_1_341' title='bbox 1237 3807 1334 3847; x_wconf 88' lang='lat' dir='ltr'><strong><em>me</em></strong></span> <span class='ocrx_word' id='word_1_342' title='bbox 1372 3797 1688 3847; x_wconf 87' lang='lat' dir='ltr'><strong>narratum</strong></span> <span class='ocrx_word' id='word_1_343' title='bbox 1730 3797 1837 3847; x_wconf 86' lang='lat' dir='ltr'><strong>est.</strong></span> <span class='ocrx_word' id='word_1_344' title='bbox 1902 3789 2184 3848; x_wconf 80' lang='lat' dir='ltr'><strong>Ceterum</strong></span> <span class='ocrx_word' id='word_1_345' title='bbox 2210 3789 2336 3847; x_wconf 84' lang='lat' dir='ltr'><strong><em>Leo</em></strong></span> <span class='ocrx_word' id='word_1_346' title='bbox 2375 3791 2478 3846; x_wconf 89' lang='lat' dir='ltr'><strong><em>im·</em></strong></span> <span class='ocrx_word' id='word_1_347' title='bbox 2499 3789 2570 3848; x_wconf 89' lang='grc'><strong><em>11</em></strong></span> 
     </span>
     <span class='ocr_line' id='line_1_34' title="bbox 219 3863 2479 3938; baseline -0.001 -18"><span class='ocrx_word' id='word_1_348' title='bbox 219 3867 383 3934; x_wconf 84' lang='lat' dir='ltr'><strong>perio</strong></span> <span class='ocrx_word' id='word_1_349' title='bbox 423 3866 652 3938; x_wconf 88' lang='lat' dir='ltr'><strong>potitus</strong></span> <span class='ocrx_word' id='word_1_350' title='bbox 678 3863 1031 3920; x_wconf 57' lang='lat' dir='ltr'><strong>Miclialilem</strong></span> <span class='ocrx_word' id='word_1_351' title='bbox 1066 3863 1324 3921; x_wconf 79' lang='lat' dir='ltr'><strong>Balbum</strong></span> <span class='ocrx_word' id='word_1_352' title='bbox 1365 3864 1687 3936; x_wconf 84' lang='lat' dir='ltr'><strong>patricium</strong></span> <span class='ocrx_word' id='word_1_353' title='bbox 1726 3864 1871 3919; x_wconf 78' lang='lat' dir='ltr'><strong>fecit</strong></span> <span class='ocrx_word' id='word_1_354' title='bbox 1909 3869 1970 3920; x_wconf 90' lang='lat' dir='ltr'><strong><em>et</em></strong></span> <span class='ocrx_word' id='word_1_355' title='bbox 2007 3863 2253 3919; x_wconf 82' lang='lat' dir='ltr'><strong>scholae</strong></span> <span class='ocrx_word' id='word_1_356' title='bbox 2296 3877 2479 3919; x_wconf 86' lang='lat' dir='ltr'><strong>excu-</strong></span> 
     </span>
     <span class='ocr_line' id='line_1_35' title="bbox 219 3934 2573 4009; baseline 0.001 -18"><span class='ocrx_word' id='word_1_357' title='bbox 219 3936 479 3993; x_wconf 90' lang='lat' dir='ltr'><strong>bitorum</strong></span> <span class='ocrx_word' id='word_1_358' title='bbox 518 3936 816 4007; x_wconf 85' lang='lat' dir='ltr'><strong>comitem,</strong></span> <span class='ocrx_word' id='word_1_359' title='bbox 856 3936 1167 4005; x_wconf 81' lang='lat' dir='ltr'><strong>Thomam,</strong></span> <span class='ocrx_word' id='word_1_360' title='bbox 1210 3937 1313 4009; x_wconf 93' lang='lat' dir='ltr'><strong><em>qui</em></strong></span> <span class='ocrx_word' id='word_1_361' title='bbox 1353 3943 1414 3993; x_wconf 86' lang='lat' dir='ltr'><strong><em>et</em></strong></span> <span class='ocrx_word' id='word_1_362' title='bbox 1453 3937 1585 4008; x_wconf 87' lang='lat' dir='ltr'><strong>ipse</strong></span> <span class='ocrx_word' id='word_1_363' title='bbox 1625 3951 1703 3992; x_wconf 86' lang='lat' dir='ltr'><strong><em>ex</em></strong></span> <span class='ocrx_word' id='word_1_364' title='bbox 1741 3936 1815 3991; x_wconf 91' lang='lat' dir='ltr'><strong><em>iis</em></strong></span> <span class='ocrx_word' id='word_1_365' title='bbox 1853 3935 2072 4004; x_wconf 80' lang='lat' dir='ltr'><strong>fuerat,</strong></span> <span class='ocrx_word' id='word_1_366' title='bbox 2112 3935 2217 4005; x_wconf 86' lang='lat' dir='ltr'><strong><em>qui</em></strong></span> <span class='ocrx_word' id='word_1_367' title='bbox 2251 3934 2573 3993; x_wconf 71' lang='lat' dir='ltr'><strong>Barda-12</strong></span> 
     </span>
     <span class='ocr_line' id='line_1_36' title="bbox 219 4006 2479 4134; baseline -0 -70"><span class='ocrx_word' id='word_1_368' title='bbox 219 4009 315 4134; x_wconf 56' lang='lat' dir='ltr'><strong><em>gio</em></strong></span> <span class='ocrx_word' id='word_1_369' title='bbox 355 4024 584 4081; x_wconf 85' lang='lat' dir='ltr'><strong>equum</strong></span> <span class='ocrx_word' id='word_1_370' title='bbox 628 4014 755 4066; x_wconf 87' lang='lat' dir='ltr'><strong><em>tum</em></strong></span> <span class='ocrx_word' id='word_1_371' title='bbox 800 4008 1210 4077; x_wconf 79' lang='lat' dir='ltr'><strong>adduxerant,</strong></span> <span class='ocrx_word' id='word_1_372' title='bbox 1266 4009 1677 4066; x_wconf 78' lang='lat' dir='ltr'><strong>turmarcham</strong></span> <span class='ocrx_word' id='word_1_373' title='bbox 1715 4008 1975 4079; x_wconf 79' lang='lat' dir='ltr'><strong>legionis</strong></span> <span class='ocrx_word' id='word_1_374' title='bbox 2020 4006 2479 4066; x_wconf 77' lang='lat' dir='ltr'><strong>foederatorum</strong></span> 
     </span>
     <span class='ocr_line' id='line_1_37' title="bbox 262 4082 2363 4136; baseline 0 -1"><span class='ocrx_word' id='word_1_375' title='bbox 262 4082 581 4136; x_wconf 67' lang='lat' dir='ltr'><strong>ssia-navit.</strong></span> <span class='ocrx_word' id='word_1_376' title='bbox 2355 4101 2363 4115; x_wconf 90' lang='lat'><strong>·</strong></span> 
     </span>
    </p>

    <p class='ocr_par' dir='ltr' id='par_1_6' title="bbox 140 4125 2573 4224">
     <span class='ocr_line' id='line_1_38' title="bbox 140 4125 2573 4224; baseline 0 -16"><span class='ocrx_word' id='word_1_377' title='bbox 140 4156 142 4158; x_wconf 80' lang='grc'><strong>’</strong></span> <span class='ocrx_word' id='word_1_378' title='bbox 345 4125 678 4224; x_wconf 59' lang='lat' dir='ltr'><strong><em>⁸”Bulgaris</em></strong></span> <span class='ocrx_word' id='word_1_379' title='bbox 707 4159 914 4211; x_wconf 85' lang='lat' dir='ltr'><strong>autem</strong></span> <span class='ocrx_word' id='word_1_380' title='bbox 941 4153 1266 4211; x_wconf 79' lang='lat' dir='ltr'><strong>Thraciam</strong></span> <span class='ocrx_word' id='word_1_381' title='bbox 1293 4154 1696 4222; x_wconf 70' lang='lat' dir='ltr'><strong>vastantibuS,</strong></span> <span class='ocrx_word' id='word_1_382' title='bbox 1737 4152 1976 4223; x_wconf 82' lang='lat' dir='ltr'><strong>legatos</strong></span> <span class='ocrx_word' id='word_1_383' title='bbox 2002 4150 2082 4206; x_wconf 86' lang='lat' dir='ltr'><strong><em>ad</em></strong></span> <span class='ocrx_word' id='word_1_384' title='bbox 2120 4166 2333 4208; x_wconf 86' lang='lat' dir='ltr'><strong>eorum</strong></span> <span class='ocrx_word' id='word_1_385' title='bbox 2371 4149 2480 4207; x_wconf 88' lang='lat' dir='ltr'><strong><em>du·</em></strong></span> <span class='ocrx_word' id='word_1_386' title='bbox 2499 4150 2573 4209; x_wconf 76' lang='lat'><strong><em>13</em></strong></span> 
     </span>
    </p>

    <p class='ocr_par' dir='ltr' id='par_1_7' title="bbox 103 4223 2573 4586">
     <span class='ocr_line' id='line_1_39' title="bbox 103 4223 2573 4298; baseline 0 -18"><span class='ocrx_word' id='word_1_387' title='bbox 103 4276 108 4280; x_wconf 89' lang='lat'>.</span> <span class='ocrx_word' id='word_1_388' title='bbox 223 4238 348 4280; x_wconf 89' lang='lat' dir='ltr'><strong><em>cem</em></strong></span> <span class='ocrx_word' id='word_1_389' title='bbox 387 4226 463 4282; x_wconf 88' lang='lat' dir='ltr'><strong><em>de</em></strong></span> <span class='ocrx_word' id='word_1_390' title='bbox 512 4242 667 4298; x_wconf 84' lang='lat' dir='ltr'><strong>pace</strong></span> <span class='ocrx_word' id='word_1_391' title='bbox 713 4226 890 4282; x_wconf 84' lang='lat' dir='ltr'><strong>misit.</strong></span> <span class='ocrx_word' id='word_1_392' title='bbox 967 4226 1178 4296; x_wconf 83' lang='lat' dir='ltr'><strong>Quem,</strong></span> <span class='ocrx_word' id='word_1_393' title='bbox 1235 4241 1372 4282; x_wconf 88' lang='lat' dir='ltr'><strong><em>cum</em></strong></span> <span class='ocrx_word' id='word_1_394' title='bbox 1421 4226 1652 4281; x_wconf 80' lang='lat' dir='ltr'><strong>recenti</strong></span> <span class='ocrx_word' id='word_1_395' title='bbox 1705 4224 1963 4279; x_wconf 83' lang='lat' dir='ltr'><strong>victoria</strong></span> <span class='ocrx_word' id='word_1_396' title='bbox 2014 4224 2260 4279; x_wconf 82' lang='lat' dir='ltr'><strong>inflatus</strong></span> <span class='ocrx_word' id='word_1_397' title='bbox 2309 4224 2480 4296; x_wconf 80' lang='lat' dir='ltr'><strong>pacis</strong></span> <span class='ocrx_word' id='word_1_398' title='bbox 2499 4223 2573 4280; x_wconf 77' lang='lat'><strong><em>14</em></strong></span> 
     </span>
     <span class='ocr_line' id='line_1_40' title="bbox 220 4296 2572 4370; baseline 0.002 -21"><span class='ocrx_word' id='word_1_399' title='bbox 220 4297 597 4354; x_wconf 83' lang='lat' dir='ltr'><strong>conditiones</strong></span> <span class='ocrx_word' id='word_1_400' title='bbox 624 4298 998 4370; x_wconf 70' lang='lat' dir='ltr'><strong>repudiaret,</strong></span> <span class='ocrx_word' id='word_1_401' title='bbox 1027 4298 1182 4355; x_wconf 79' lang='lat' dir='ltr'><strong>bello</strong></span> <span class='ocrx_word' id='word_1_402' title='bbox 1212 4298 1467 4353; x_wconf 82' lang='lat' dir='ltr'><strong>adortus</strong></span> <span class='ocrx_word' id='word_1_403' title='bbox 1494 4301 1610 4367; x_wconf 80' lang='lat' dir='ltr'><strong>est3</strong></span> <span class='ocrx_word' id='word_1_404' title='bbox 1638 4296 1747 4352; x_wconf 88' lang='lat' dir='ltr'><strong><em>sed</em></strong></span> <span class='ocrx_word' id='word_1_405' title='bbox 1776 4296 2039 4364; x_wconf 84' lang='lat' dir='ltr'><strong>barbari,</strong></span> <span class='ocrx_word' id='word_1_406' title='bbox 2068 4296 2327 4352; x_wconf 86' lang='lat' dir='ltr'><strong>victoria</strong></span> <span class='ocrx_word' id='word_1_407' title='bbox 2349 4310 2479 4352; x_wconf 87' lang='lat' dir='ltr'><strong>rur·</strong></span> <span class='ocrx_word' id='word_1_408' title='bbox 2499 4296 2572 4354; x_wconf 76' lang='lat'><strong><em>1⁶</em></strong></span> 
     </span>
     <span class='ocr_line' id='line_1_41' title="bbox 221 4370 2481 4441; baseline 0.002 -22"><span class='ocrx_word' id='word_1_409' title='bbox 221 4381 318 4420; x_wconf 89' lang='lat' dir='ltr'><strong><em>sus</em></strong></span> <span class='ocrx_word' id='word_1_410' title='bbox 345 4370 423 4424; x_wconf 83' lang='lat' dir='ltr'><strong><em>nd</em></strong></span> <span class='ocrx_word' id='word_1_411' title='bbox 451 4371 615 4441; x_wconf 85' lang='lat' dir='ltr'><strong>ipsos</strong></span> <span class='ocrx_word' id='word_1_412' title='bbox 654 4370 1003 4440; x_wconf 84' lang='lat' dir='ltr'><strong>inclinante,</strong></span> <span class='ocrx_word' id='word_1_413' title='bbox 1043 4370 1350 4428; x_wconf 83' lang='lat' dir='ltr'><strong>Romanos</strong></span> <span class='ocrx_word' id='word_1_414' title='bbox 1375 4371 1437 4424; x_wconf 92' lang='lat' dir='ltr'><strong><em>in</em></strong></span> <span class='ocrx_word' id='word_1_415' title='bbox 1465 4370 1677 4439; x_wconf 77' lang='lat' dir='ltr'><strong>fugam</strong></span> <span class='ocrx_word' id='word_1_416' title='bbox 1704 4384 1917 4440; x_wconf 78' lang='lat' dir='ltr'><strong>vcrsos</strong></span> <span class='ocrx_word' id='word_1_417' title='bbox 1945 4384 1983 4423; x_wconf 88' lang='lat' dir='ltr'><strong>a</strong></span> <span class='ocrx_word' id='word_1_418' title='bbox 2009 4373 2185 4439; x_wconf 82' lang='lat' dir='ltr'><strong>tergo</strong></span> <span class='ocrx_word' id='word_1_419' title='bbox 2215 4373 2481 4424; x_wconf 90' lang='lat' dir='ltr'><strong>contem-</strong></span> 
     </span>
     <span class='ocr_line' id='line_1_42' title="bbox 223 4439 2572 4514; baseline 0.003 -25"><span class='ocrx_word' id='word_1_420' title='bbox 223 4439 363 4506; x_wconf 88' lang='lat' dir='ltr'><strong>ptim</strong></span> <span class='ocrx_word' id='word_1_421' title='bbox 401 4442 695 4514; x_wconf 85' lang='lat' dir='ltr'><strong>nulloque</strong></span> <span class='ocrx_word' id='word_1_422' title='bbox 734 4443 949 4499; x_wconf 87' lang='lat' dir='ltr'><strong>ordino</strong></span> <span class='ocrx_word' id='word_1_423' title='bbox 975 4444 1479 4513; x_wconf 75' lang='lat' dir='ltr'><strong>insequebantur,</strong></span> <span class='ocrx_word' id='word_1_424' title='bbox 1517 4441 1619 4496; x_wconf 84' lang='lat' dir='ltr'><strong>alii</strong></span> <span class='ocrx_word' id='word_1_425' title='bbox 1658 4440 1777 4496; x_wconf 83' lang='lat' dir='ltr'><strong>alio</strong></span> <span class='ocrx_word' id='word_1_426' title='bbox 1827 4440 1919 4496; x_wconf 85' lang='lat' dir='ltr'><strong><em>dis</em></strong></span> <span class='ocrx_word' id='word_1_427' title='bbox 1965 4442 2102 4496; x_wconf 83' lang='lat' dir='ltr'><strong>ersi.</strong></span> <span class='ocrx_word' id='word_1_428' title='bbox 2178 4439 2311 4506; x_wconf 84' lang='lat' dir='ltr'><strong><em>Quo</em></strong></span> <span class='ocrx_word' id='word_1_429' title='bbox 2366 4455 2479 4496; x_wconf 81' lang='lat' dir='ltr'><strong>rex</strong></span> <span class='ocrx_word' id='word_1_430' title='bbox 2499 4439 2572 4497; x_wconf 79' lang='lat'><strong><em>16</em></strong></span> 
     </span>
     <span class='ocr_line' id='line_1_43' title="bbox 223 4511 2482 4586; baseline 0.003 -23"><span class='ocrx_word' id='word_1_431' title='bbox 223 4511 645 4571; x_wconf 81' lang='lat' dir='ltr'><strong>animadverso</strong></span> <span class='ocrx_word' id='word_1_432' title='bbox 671 4514 837 4584; x_wconf 87' lang='lat' dir='ltr'><strong>(nam</strong></span> <span class='ocrx_word' id='word_1_433' title='bbox 864 4516 927 4571; x_wconf 90' lang='lat' dir='ltr'><strong><em>in</em></strong></span> <span class='ocrx_word' id='word_1_434' title='bbox 954 4514 1212 4572; x_wconf 85' lang='lat' dir='ltr'><strong>editiore</strong></span> <span class='ocrx_word' id='word_1_435' title='bbox 1237 4514 1371 4571; x_wconf 88' lang='lat' dir='ltr'><strong>loco</strong></span> <span class='ocrx_word' id='word_1_436' title='bbox 1411 4512 1636 4581; x_wconf 86' lang='lat' dir='ltr'><strong>stabat)</strong></span> <span class='ocrx_word' id='word_1_437' title='bbox 1674 4527 1819 4569; x_wconf 87' lang='lat' dir='ltr'><strong>suos</strong></span> <span class='ocrx_word' id='word_1_438' title='bbox 1857 4528 1894 4569; x_wconf 87' lang='lat' dir='ltr'><strong>a</strong></span> <span class='ocrx_word' id='word_1_439' title='bbox 1968 4528 2240 4586; x_wconf 86' lang='lat' dir='ltr'><strong>pugnam</strong></span> <span class='ocrx_word' id='word_1_440' title='bbox 2270 4512 2482 4569; x_wconf 84' lang='lat' dir='ltr'><strong>cohor·</strong></span> 
     </span>
    </p>
   </div>
   <div class='ocr_carea' id='block_1_6' title="bbox 327 4601 2153 4679">
    <p class='ocr_par' dir='ltr' id='par_1_8' title="bbox 327 4601 2153 4679">
     <span class='ocr_line' id='line_1_44' title="bbox 327 4601 2153 4679; baseline -0.002 -15"><span class='ocrx_word' id='word_1_441' title='bbox 327 4617 563 4668; x_wconf 75' lang='grc' dir='ltr'><strong><em>Ζοπαναε</em></strong></span> <span class='ocrx_word' id='word_1_442' title='bbox 591 4619 821 4679; x_wconf 70' lang='lat' dir='ltr'><strong>Epitomo</strong></span> <span class='ocrx_word' id='word_1_443' title='bbox 850 4620 942 4669; x_wconf 85' lang='lat'>111.</span> <span class='ocrx_word' id='word_1_444' title='bbox 2008 4636 2016 4645; x_wconf 92' lang='lat'><strong>·</strong></span> <span class='ocrx_word' id='word_1_445' title='bbox 2083 4601 2153 4661; x_wconf 80' lang='grc'><strong><em>21</em></strong></span> 
     </span>
    </p>
   </div>
  </div>
 </body>
</html>
