2870 4966
799 230 1309 296 BVLGARIOAE
1347 233 1948 300 EXPEDITIONES.
2395 240 2505 305 270

245 424 354 487 τοῦ
393 415 642 504 Ἴστρου
695 417 784 493 εἰς
832 416 1240 508 Βουλγαρίαν
1296 419 1614 508 ἐμβαλεῖν.
1705 421 1833 492 εἶτα
1889 424 2295 503 δεδειλιακὼς
2347 428 2501 496 δνα-
2520 427 2556 489 ὓ

246 525 453 604 ζεῦξαι
507 521 842 610 διεμελέτα.
935 523 998 592 οἰ
1041 523 1410 614 Βούλγαροι
1457 524 1527 593 δὲ
1575 525 1886 604 δείσαντες
1928 529 2295 617 πέμψαντες
2338 530 2504 619 πρὸς
2519 532 2558 592 θ

245 624 434 696 αὐτὸν
486 624 772 703 σπονδὰς
824 627 1063 696 θέσθαι
1113 627 1280 715 πρὸς
1333 629 1590 720 εἰρήνην
1635 630 1945 720 ἐζήτησαν
1988 632 2097 701 καὶ
2142 634 2503 706 ἐσπείσαντο
2628 690 2632 696 Δ

245 729 341 802 ἐπὶ
393 731 747 820 συνθήκαις
772 742 776 747 ’
798 736 913 799 τοῦ
964 731 1125 820 μήτε
1178 732 1603 823 Βουλγάρους
1653 735 1729 804 τὰ
1777 735 2119 825 Ῥωμαίων
2180 737 2504 828 ληίζεσθαι

194 841 228 901 ὓ
243 837 398 926 μήτε
439 834 574 924 μὴν
619 834 979 924 Ῥωμαίους
1024 837 1258 906 ἐπιέναι
1310 838 1473 924 κατὰ
1530 838 1948 929 Βουλγάρων.
2038 840 2148 910 καί
2206 842 2306 912 ἐπὶ
2358 843 2500 912 τού-

242 964 366 1017 τοις
422 939 870 1029 ἐπανελήλυθε.
961 940 1118 1017 τινὲς
1182 941 1252 1009 δὲ
1316 948 1447 1010 τῶν
1501 942 1907 1031 Βουλγάρων
1971 945 2209 1035 δώροις
2261 947 2503 1017 ὕποσυ-
2522 947 2556 1012 ’ἰ

242 1047 447 1133 ρέντες
498 1045 676 1131 παρὰ
734 1045 961 1115 τούτου
1006 1052 1120 1116 τοῦ
1167 1044 1643 1135 αὐτοκράτορος
1687 1049 1756 1118 έν
1802 1050 2189 1140 ἀπορρήτοις
2232 1051 2505 1142 ἐδήλουν

230 1151 418 1236 ἀὐτῷ
468 1149 543 1216 τὰ
603 1157 699 1237 τῷ
754 1152 1012 1240 ἄρχοντι
1075 1157 1267 1241 σφῶν
1328 1152 1793 1242 βουλευόμενα·
1860 1158 1930 1224 οἳ
1962 1146 2256 1246 μεμηνύκ
2275 1180 2366 1225 ’σι
2409 1163 2505 1245 τῷ
2521 1157 2557 1219 8

241 1255 703 1342 Κωνσταντίνῳ
750 1257 842 1324 ὅτι
887 1256 1180 1343 βούλεται
1224 1257 1263 1324 δ
1309 1259 1615 1344 σφέτερος
1660 1251 1944 1347 ἀρχηγὸς
1988 1258 2146 1328 λαὸν
2176 1262 2502 1348 ἐκπέμψαι

163 1362 225 1420 10
240 1360 397 1428 κατά
442 1384 610 1435 τινος
649 1365 781 1427 τῶν
803 1361 1188 1449 Ῥωμαϊκῶν
1217 1368 1481 1449 χωρῶν,
1528 1359 1604 1431 ἵν’
1654 1364 1900 1432 ἐκεῖθεν
1945 1365 2115 1432 λείαν
2157 1366 2501 1452 κομίσαιτο.
2522 1364 2569 1428 O

237 1464 343 1532 καὶ
397 1466 472 1540 ὃς
527 1462 979 1541 κατασκόπους
1036 1466 1296 1553 στείλας,
1361 1467 1465 1533 ὅτε
1510 1467 1827 1559 ὥρμησαν
1872 1469 1945 1535 έκ
1991 1467 2397 1555 Βουλγαρίας
2441 1469 2557 1537 019

237 1569 614 1656 ληισόμενοι,
662 1571 914 1657 ἕτοιμος
958 1572 1056 1637 ὢν
1102 1571 1417 1658 αἰφνίδιον
1464 1571 1894 1656 ἐπεκδραμὼν
1937 1572 2077 1639 κατ’
2110 1574 2325 1641 αὐτῶν
2354 1572 2503 1650 τοὺς

233 1674 351 1760 μὲν
406 1673 750 1761 διέφθειρε,
815 1674 964 1750 τοὺς
1020 1674 1089 1740 δὲ
1142 1676 1252 1743 καί
1307 1676 1654 1762 ἐζώγρησε,
1720 1676 1830 1743 καί
1880 1676 2016 1762 μετ’
2065 1677 2502 1764 αἰχμαλωσίας

234 1777 469 1865 πολλῆς
533 1775 959 1865 ἐπανέστρεψε
1025 1777 1134 1846 καὶ
1196 1780 1382 1847 πάλιν
1446 1779 1714 1855 ἔνοπλος
1776 1780 2258 1867 ἐθριάμβευσεν.
2365 1773 2499 1848 εἶτα
2521 1784 2593 1845 10

155 1881 216 1939 16
232 1881 469 1957 πολλὰς
531 1885 802 1971 τριήρεις
865 1882 1361 1968 ἑτοιμασάμενος
1416 1882 1579 1950 κατὰ
1639 1883 2045 1969 Βουλγάρων
2101 1884 2497 1972 έκπέπομφε,
2587 1950 2593 1957 .

231 1985 337 2052 καὶ
366 1986 528 2054 κατὰ
561 1986 993 2073 Μεσημβρίαν
1024 1988 1391 2074 γενομέναις
1428 1989 1647 2062 αὐταῖς
1691 1986 1952 2055 κλύδων
1997 1987 2071 2055 ἐκ
2115 1988 2498 2075 πνευμάτων

228 2089 453 2177 βιαίων
499 2090 799 2178 ἐμπεσὼν
844 2089 1074 2178 σχεδὸν
1120 2091 1374 2165 ἁπάσας
1403 2091 1767 2159 κατέδυσεν.
1861 2091 1900 2158 δ
1929 2095 2060 2158 τῶν
2090 2090 2496 2178 Βουλγάρων
2517 2096 2587 2156 11

226 2304 260 2360 2
295 2307 373 2361 δτι
409 2304 642 2367 σπονδὰς
683 2305 836 2361 ἔθετο
870 2303 1002 2371 μετὰ
1040 2303 1198 2372 (κατὰ
1236 2305 1307 2373 Ε)
1345 2306 1679 2378 Βουλγάρων
1718 2303 1815 2364 ΟΕ
1995 2301 2051 2378 {6
2087 2307 2165 2363 ὅτι
2206 2304 2346 2371 τινὰς
2382 2312 2491 2365 τῶν

225 2378 554 2451 Βουλγάρων
591 2378 902 2450 ᾠκειώσατο
939 2378 973 2434 δ
1008 2377 1406 2448 Κοπρώνυμος·
1465 2380 1523 2435 οἳ
1553 2378 1780 2450 ἐδήλουν
1817 2377 1965 2450 αὐτῷ
2004 2376 2065 2435 τὰ
2102 2385 2197 2436 τοῦ
2234 2380 2491 2450 ἄρχοντος

224 2459 379 2523 σφῶν
384 2451 749 2581 [βουλεύματα
785 2449 831 2509 C
1025 2451 1092 2510 17
1130 2454 1279 2515 ὅπως
1312 2452 1345 2508 ὅ
1378 2458 1489 2509 τῶν
1522 2450 1858 2523 Βουλγάρων
1895 2453 2083 2525 ἅρχων
2100 2527 2104 2530 .
2119 2450 2292 2581 {mira
2329 2451 2490 2525 (ἡπά-

221 2546 345 2597 τησε
402 2530 452 2595 ⁴)
500 2524 591 2581 τὸν
633 2524 870 2598 βασιλέα,
926 2525 1020 2583 καὶ
1056 2526 1195 2598 ἔγνω
1233 2525 1356 2588 τοὺς
1392 2524 1773 2598 ᾠκειωμένους
1816 2525 1964 2598 αὐτῷ
2002 2527 2123 2582 Βου
2156 2526 2353 2597 γάρους
2392 2522 2491 2584 CE

326 2725 353 2782 1
395 2724 712 2798 ἐπεμβαλεῖν
749 2725 897 2797 Ewp
1052 2725 1089 2783 2
1131 2730 1274 2783 ante
1310 2726 1368 2782 οἰ
1400 2724 1543 2783 add.
1579 2724 1673 2782 καί
1712 2725 1862 2799 pr
2020 2725 2072 2784 2.
2110 2725 2146 2783 3
2181 2700 2489 2799 πέμψαντες
2551 2767 2557 2773 -

325 2797 675 2870 -ἕζήτησαν]
714 2797 947 2860 σπονδὰς
983 2799 1180 2856 θέσθαι
1216 2798 1351 2883 πρὸς
1388 2798 1609 2872 εἰρήνην
1646 2801 1865 2872 διεπρεσ
1904 2799 2124 2857 εύσαντο
2162 2799 2312 2872 pr

323 2872 359 2929 3
394 2871 672 2928 ἐσπείσατο
697 2869 744 2930 C
888 2871 926 2928 4
958 2870 1021 2928 τὰ
1046 2871 1303 2945 prDz,
1341 2878 1450 2929 τῶν
1473 2871 1529 2929 Α
1620 2927 1624 2931 ,
1674 2871 1710 2930 ὅ
1744 2872 1856 2947 μὴν
1902 2872 2023 2936 τοὺς
2049 2872 2105 2929 D
2250 2873 2288 2930 8
2322 2871 2384 2930 τὰ
2409 2880 2488 2945 τῷ

325 2961 440 3002 om.
483 2943 528 3003 C
595 3026 620 3039 ..
778 2944 1036 3075 tffidpxff
1075 2952 1183 3001 τῶν
1219 2946 1439 3030 ἄρχοντι
1482 2943 1614 3018 w*p
1870 2946 1905 3003 9
1941 2945 2019 3002 ὅτι
2055 2943 2180 3018 AO,
2219 2945 2297 3008 ὥς
2337 2944 2485 3040 Ewp

325 3018 395 3075 10
429 3016 732 3089 ρωμαικῶν
768 3016 822 3075 A
884 3035 951 3089 W,
983 3020 1272 3089 Ῥωμαίων
1310 3017 1437 3090 ρῦι
1620 3019 1686 3075 11
1725 3020 1782 3076 οἰ
1815 3035 1930 3077 om.
1969 3018 2019 3076 E
2202 3018 2273 3075 12
2306 3019 2485 3091 ληισα·

320 3112 471 3163 μενοι
512 3092 659 3164 Ewp
853 3098 998 3149 ante
1035 3093 1241 3162 ἔτοιμσς
1279 3090 1419 3147 add.
1458 3091 1709 3155 κάκεῖνος
1745 3091 1896 3165 pr
2095 3091 2165 3149 12
2202 3089 2325 3154 τοὺς
2360 3089 2484 3163 ΑΕ,

320 3164 548 3227 πολλοὺς
588 3163 738 3238 pr
888 3164 956 3223 13
993 3164 1116 3227 τοὺς
1141 3163 1265 3232 ΑΕ,
1300 3165 1576 3229 πλείστους
1615 3165 1764 3239 pr
1915 3165 1998 3223 13.
2031 3164 2098 3223 14
2131 3163 2266 3237 μετὰ
2291 3165 2485 3238 δορυα·
2676 3225 2685 3236 ,

319 3238 510 3296 λώτων
544 3239 762 3296 πολλῶν
799 3237 849 3297 Ο
997 3237 1067 3294 14
1101 3237 1416 3304 ἕπανὲζευξε
1456 3237 1506 3297 Ο
2544 3267 2557 3278 2

217 3436 569 3509 Balgariam
596 3442 964 3512 irrupturus.
1039 3438 1196 3496 Tum
1225 3440 1442 3497 timore
1469 3439 1688 3513 plenus
1726 3439 1804 3498 de
1830 3437 2182 3497 reducendo
2205 3438 2484 3507 exercitu
2502 3432 2541 3495 5

205 3509 529 3585 'cogitavit.
604 3512 724 3571 Sed
745 3513 1001 3585 Bulgari
1041 3514 1235 3570 territi
1257 3514 1453 3570 missis
1490 3513 1710 3585 legatis
1738 3529 1950 3586 pacem
1972 3508 2540 3585 petierunt-emmo

216 3600 334 3657 que
376 3587 466 3645 his
504 3587 960 3644 conditionibus
998 3587 1421 3659 impetrarunt,
1479 3591 1549 3643 ut
1586 3602 1665 3643 ne
1710 3601 1788 3644 ue
1826 3586 1942 3659 ipsi
1981 3584 2330 3660 provincias
2366 3584 2483 3642 Ro·
2603 3631 2609 3637 .

215 3674 426 3716 manas
464 3665 783 3717 vastarent
831 3675 1035 3731 neque
1093 3675 1131 3715 a
1168 3658 1460 3715 Romanis
1517 3603 1975 3716 iux-agerentur.
2051 3658 2160 3738 His
2215 3657 2481 3729 peractis

216 3729 461 3789 domum
500 3733 696 3790 rediit.
774 3731 1037 3799 Quidam
1092 3735 1297 3788 tamen
1358 3748 1392 3788 e
1429 3731 1718 3802 Bulgaris
1757 3731 2009 3788 adducti
2048 3725 2537 3802 largitionibus?

216 3803 367 3861 elam
405 3806 761 3878 imperatori
800 3805 976 3862 ducis
1013 3805 1109 3861 sul
1149 3805 1402 3862 consilia
1442 3804 1820 3877 aperiebant,
1860 3808 2046 3877 atque
2077 3799 2535 3861 Constantinoss

215 3876 564 3936 indicarunt
602 3894 784 3936 suum
823 3878 1043 3936 ducem
1082 3880 1145 3934 in
1185 3877 1499 3950 quandam
1527 3877 1862 3934 Romanam
1886 3875 2266 3950 provinciam
2306 3876 2479 3932 emis·

215 3965 422 4007 surum
462 3952 541 4008 ad
582 3951 876 4024 praedam
916 3951 1283 4008 faciendam.
1361 3950 1555 4007 Missis
1592 3951 1783 4022 igitur
1803 3948 2298 4022 exploratoribus
2335 3944 2535 4005 iam-9

217 4038 335 4094 que
371 4031 643 4097 paratus,
701 4040 839 4081 eum
879 4026 960 4081 illi
1017 4023 1381 4097 praedatum
1422 4040 1458 4081 e
1498 4022 1791 4095 Bulgaria
1816 4023 2087 4092 exirent,
2144 4021 2480 4093 derepente

216 4096 445 4169 impetu
485 4100 648 4154 facto
688 4098 911 4155 multos
950 4098 1272 4167 interfecit,
1332 4097 1627 4169 plurimos
1667 4097 1827 4168 cepit
1863 4096 1950 4151 ita
1986 4099 2056 4151 ut
2094 4110 2235 4151 eum
2273 4093 2479 4151 multis

218 4171 474 4242 captivis
512 4186 801 4229 reversus
841 4171 1061 4228 iterum
1083 4173 1355 4226 armatus
1375 4169 1796 4241 triumpharet.
1871 4167 2086 4239 Neque
2111 4167 2301 4225 multo
2340 4171 2476 4240 post
2499 4165 2583 4226 lo

216 4244 434 4300 multas
459 4246 736 4302 triremes
759 4251 973 4301 eontra
995 4242 1239 4300 eosdem
1263 4242 1596 4314 ablegavit,
1635 4256 1797 4314 quae
1835 4257 2028 4315 prope
2053 4239 2476 4297 Mesetnbriam

218 4316 345 4375 sere
396 4333 607 4376 onmes
657 4323 985 4377 ventorum
1035 4316 1318 4392 procellis
1364 4320 1510 4375 sunt
1566 4315 1900 4374 demersae.
1974 4312 2055 4373 At
2104 4312 2478 4386 'Pelei-iebus,
2499 4310 2578 4373 11
