2870 4966
471 332 581 395 244
1031 334 1306 397 zoNAR„
1346 334 1548 399 ΕΡΙΤ.
1585 334 1729 399 XIV
1764 337 1844 412 ἕξεί
1890 336 2088 413 5-27,
2125 335 2178 399 ὁ.

416 534 452 590 6
469 520 775 609 ετώτερος
841 520 951 589 καί
1016 522 1290 609 πάμπαν
1357 523 1627 599 ἀδέξιος.
1740 526 1966 613 Κῦρον
2035 524 2106 592 δὲ
2172 524 2284 593 τὸν
2348 524 2739 616 πατριάρχην
2756 537 2800 596 D
2817 541 2859 602 11

469 624 813 714 ἱξωθήσας
840 632 952 716 τῆς
982 626 1339 716 ἐκκλησίας,
1388 625 1490 695 ἐπὶ
1535 629 1609 706 ἓξ
1652 628 1757 718 ἔτη
1806 628 1874 696 ἐν
1917 628 2110 718 ταύτῃ
2159 629 2560 719 διαγαγόντα,
2598 628 2735 700 Ἰω-

416 742 449 802 7
469 730 665 821 ἀννην
717 730 1043 820 ὁμόδοξον
1098 732 1311 821 ἑαυτῷ
1353 732 1762 821 προεβάλετο.
1855 734 1919 801 σί
1959 734 2173 822 μέντοι
2218 733 2585 822 Βσύλγαρσι
2629 735 2738 826 τὴν

476 827 742 926 Θρᾴκην
807 837 1064 905 ἅπασαν
1129 836 1494 927 ληισάμενοι
1560 839 1748 927 μέχρι
1823 843 1935 927 τῆς
2007 837 2262 914 πόλεως
2335 839 2738 929 κατέδραμον

399 951 449 1011 Β
468 943 735 1030 ἅπαντα,
801 942 910 1011 καὶ
966 943 1137 1011 λείαν
1191 942 1435 1032 πολλὴν
1490 942 1599 1010 καὶ
1652 942 2101 1030 αἰχμαλώτους
2152 943 2452 1031 λαβόντες
2514 944 2782 1034 σχεδὸνῦ

413 1060 451 1115 8
468 1047 629 1136 ὑπὲρ
671 1047 958 1136 ἀριθμὸν
1000 1048 1452 1138 ὕπενόστησαν.
1543 1047 1700 1115 ἀλλὰ
1745 1047 1879 1137 μὴν
1923 1047 2032 1115 καὶ
2077 1047 2152 1114 τὰ
2198 1047 2365 1136 πρὸς
2410 1048 2736 1136 ἀνίσχοντα

466 1154 643 1243 ἥλιον
688 1153 936 1241 ὁμοίως
981 1154 1045 1222 οἳ
1087 1161 1198 1242 τῆς
1229 1154 1431 1241 Ἅγαρ
1480 1153 1783 1220 διέθεντο.

413 1271 449 1331 9
648 1258 785 1325 Δύο
833 1259 903 1326 δὲ
947 1244 1407 1347 παρελθόντων
1454 1258 1759 1325 ἐνιαυτῶν
1803 1256 1912 1325 καὶ
1965 1262 2197 1347 μηνῶν
2249 1283 2454 1336 τινων,
2520 1259 2736 1336 ἕξότσυ

464 1371 576 1453 τῆς
618 1364 938 1452 βασιλείας
991 1364 1352 1453 ἐκράτησεν,
1416 1354 1770 1451 ἱππήλατον
1822 1363 2174 1438 ἐπιτελέσας
2222 1365 2445 1450 ἀγῶνα
2509 1363 2619 1432 καὶ
2673 1366 2737 1434 ἐν

465 1478 559 1557 τῷ
590 1476 704 1537 τοῦ
737 1469 1102 1547 Ζευξίππου
1146 1469 1305 1558 μετὰ
1352 1468 1462 1537 τὸν
1507 1471 1729 1556 ἀγῶνα
1777 1469 2172 1557 λουσάμενος
2217 1470 2482 1558 λοετρῴ,
2528 1473 2735 1538 συσσί-
2755 1481 2809 1540 10

465 1600 614 1650 τους
666 1574 835 1650 τινὰς
888 1582 1019 1643 τῶν
1074 1583 1186 1663 τῆς
1231 1575 1587 1663 συγκλήτου
1632 1576 1958 1662 πεποίητο,
2025 1575 2120 1650 ὥς
2167 1571 2226 1643 δ’
2273 1577 2424 1643 ἔνιοι
2469 1576 2735 1665 λέγουσι,

382 1694 449 1752 10
464 1679 613 1756 τοὺς
659 1681 727 1747 ἐν
771 1687 849 1769 τῇ
893 1687 1025 1748 τῶν
1068 1683 1283 1749 ἵππων
1333 1681 1569 1768 ἁμίλλῃ
1628 1681 2020 1767 νικήσαντας.
2112 1681 2568 1769 κατακείμενος
2625 1680 2737 1749 οὖν

465 1786 534 1853 ἕν
578 1794 674 1873 τῷ
718 1787 1059 1874 συμποσίῳ
1102 1786 1280 1872 παρά
1335 1810 1525 1852 τινων
1577 1790 1709 1852 τῶν
1765 1792 1875 1873 τῆς
1929 1785 2264 1872 γερουσίας
2326 1786 2738 1874 κατασχεθεὶς

464 1890 822 1977 τυφλοῦται.
914 1896 1107 1956 ταῦτα
1157 1886 1214 1957 δ’
1265 1890 1563 1977 ἐπράχθη
1621 1891 1784 1956 κατὰ
1841 1890 1913 1957 τὸ
1972 1891 2297 1977 σάββατον
2351 1899 2463 1979 τῆς
2512 1917 2733 1979 πεντη-

377 2011 440 2067 11
465 2002 718 2082 κοστῆς.
811 2000 887 2083 τῇ
921 1991 978 2061 δ’
1012 1997 1160 2081 ἑξῆς
1190 1991 1328 2062 κατ’
1363 1994 1563 2083 αὐτὴν
1594 1994 1838 2083 δηλαδὴ
1878 1994 1992 2081 τὴν
2034 1996 2465 2083 πεντηκοστὴν
2510 1997 2733 2083 ἀθροι-
2751 2009 2806 2066 15

364 2102 721 2175 ,οσθέντες
784 2102 857 2166 οἵ
907 2126 971 2167 τε
1035 2108 1145 2189 τῆς
1208 2100 1565 2189 συγκλήτου
1620 2101 1861 2189 βουλῆς
1917 2101 2026 2169 καὶ
2081 2102 2120 2169 ὁ
2176 2101 2493 2189 δημώδης
2550 2101 2737 2188 ὄχλος

453 2206 782 2294 Ἀρτέμιον
811 2203 922 2273 τὸν
948 2211 1521 2293 πρωτσασηκρῆτις
1549 2207 2050 2294 προχειρίζονται
2081 2206 2555 2295 αὖτοκράτορα,’
2594 2231 2735 2295 μετ-

464 2309 895 2397 σνομάσαντες
931 2309 1353 2377 Ἂναστάσιον.

467 2492 495 2549 1
535 2491 659 2565 περὶ
694 2497 1043 2565 πατριαρχῶν
1082 2489 1178 2550 ΟΕ
1323 2489 1359 2548 8
1394 2489 1519 2563 περὶ
1543 2489 1879 2565 Βουλγάρων
1904 2489 1996 2551 καὶ
2027 2494 2167 2561 (om.
2189 2491 2237 2551 Ε
2299 2498 2407 2550 τῶν
2437 2492 2738 2568 Ἅγαρηνῶν

467 2563 575 2655 OE.
714 2565 782 2623 12
820 2566 1137 2636 καθαίρεσις
1153 2625 1158 2633 ,
1173 2563 1235 2620 ἑκ
1275 2569 1367 2638 τῆς
1402 2564 1673 2638 βασιλείας
1711 2572 1823 2624 τοῦ,
1849 2564 2178 2623 Φιλιππικοὶ)
2267 2565 2316 2623 Ε

577 2728 605 2785 1
644 2727 888 2801 πάμπαν]
926 2729 1143 2786 πάντων
1181 2727 1230 2785 Ε
1374 2727 1587 2794 ἀδέξιος
1614 2768 1772 2787 .....
1778 2743 1783 2749 “
1794 2768 1990 2787 ......
2017 2727 2078 2785 δὲ
2116 2727 2189 2800 D,
2230 2684 2515 2786 lacunant
2542 2743 2656 2801 sup

576 2818 732 2860 voce
757 2804 942 2872 Κῦρον
970 2801 1074 2862 Dw
1220 2808 1389 2873 κῦρον
1416 2800 1726 2872 BCDwDi,
1753 2803 1925 2874 κύρον
1950 2802 2154 2874 AEwp
2301 2801 2339 2859 2
2362 2801 2642 2874 ἕξωρήσας
2662 2727 2735 2870 g,

576 2891 731 2932 corr.
772 2874 875 2935 Dw
1058 2874 1142 2931 ἐπὶ
1181 2890 1296 2932 om.
1338 2873 1386 2932 Ο
1571 2874 1629 2931 ἐν
1665 2874 1845 2947 ταύτῃ]
1884 2876 2118 2933 ἕνταῦθα
2156 2874 2212 2930 D
2404 2877 2653 2947 διάγοντα
2691 2874 2735 2930 Ε

574 2949 612 3005 3
646 2949 795 3020 αὐτῷ
835 2945 1082 3021 prDi
1224 2947 1546 3022 προεβάλετο
1583 2947 1840 3021 prDi,
1875 2970 2010 3020 προε
2047 2948 2199 3005 ἀλετσ
2235 2948 2584 3021 subscripto
2609 2948 2639 3002 λ
2665 2946 2734 3017 A,

575 3037 635 3079 v·
674 3022 755 3078 ad
792 3021 933 3081 XIV
976 3023 1060 3093 11,
1092 3021 1128 3076 5
1193 3020 1202 3032 ⁰
1273 3022 1310 3078 4
1348 3030 1493 3079 ante
1527 3023 1687 3094 μέχρι
1728 3021 1868 3079 add.
1906 3022 1968 3080 τὰ
2033 3024 2157 3095 twp
2304 3023 2340 3079 6
2376 3022 2735 3093 ἀπενόστησαν

575 3095 724 3169 Ewp
895 3096 931 3150 9
968 3094 1263 3169 ἵππήλατσν
1302 3096 1427 3152 dos.
1466 3097 1515 3152 l«)
1551 3097 1654 3152 foi.
1697 3096 1863 3167 164⁰,
1900 3095 2187 3157 ἕπιτελείας
2223 3111 2398 3168 perg.
2436 3096 2541 3152 fol.
2583 3095 2734 3163 166r,

577 3170 678 3226 eui
716 3167 858 3225 add.
898 3168 973 3225 Ee
1030 3170 1252 3241 γύρι’σσν
1299 3170 1356 3236 (i.
1398 3185 1449 3225 e.
1493 3169 1697 3240 volve)
1743 3168 1803 3225 τὸ
1849 3169 2160 3241 ἔμπροσθεν
2197 3169 2402 3242 φύλλον
2448 3169 2542 3225 καὶ
2588 3167 2733 3239 εὗρέ·

574 3242 872 3305 ἐπιτελέσας
907 3241 1092 3327 ἀγῶνα
1242 3243 1311 3299 10
1346 3250 1442 3298 τοῦ
1482 3257 1596 3299 om.
1635 3242 1681 3300 C
1825 3243 2038 3314 λουτρῷ
2079 3242 2226 3315 Ewp
2383 3243 2451 3300 13
2487 3261 2736 3313 κατασχε-
2804 3279 2805 3282 ¹

575 3316 724 3378 σθείς
764 3317 949 3389 wpDz
989 3316 1198 3372 invitis
1235 3314 1346 3372 AR
1494 3316 1563 3373 14
1599 3315 1659 3372 δὲ
1696 3314 1753 3373 D
1902 3317 1970 3373 16
2008 3316 2308 3390 συγκλήτου
2349 3331 2465 3373 om.
2503 3315 2559 3372 D

413 3480 924 3555 60y1·umautem
966 3481 1377 3553 patriarcham
1417 3482 1693 3551 ecclesia,
1733 3497 1917 3553 quam
1958 3497 2069 3554 per
2089 3497 2199 3538 sex
2222 3496 2419 3538 annos
2439 3483 2736 3550 tenuerat,

413 3560 446 3619 '¹1
468 3557 679 3628 exegit
718 3560 779 3611 et
818 3554 1131 3624 Ioannem,
1171 3570 1556 3611 assensorem
1595 3571 1793 3624 suunt,
1848 3556 1908 3611 in
1949 3571 2029 3610 ea
2063 3555 2404 3612 collocavit.
2473 3553 2608 3611 Sub
2665 3569 2734 3609 eo

467 3626 723 3699 Buigari
762 3626 1087 3683 Thraciam
1110 3627 1464 3683 universam
1491 3626 1767 3699 populati
1808 3627 1886 3682 ad
1925 3627 2120 3699 ipsam
2159 3643 2357 3699 usque
2395 3628 2611 3682 urbem
2655 3626 2736 3681 in·

467 3707 796 3756 cursarunt
837 3700 1060 3769 omnia,
1116 3714 1473 3771 magnaque
1515 3699 1746 3771 praeda
1787 3705 1847 3755 et
1897 3700 2157 3773 captivis
2214 3700 2346 3755 fere
2403 3698 2736 3756 innumeris

411 3771 751 3833 Babductis
787 3770 1036 3828 domum
1063 3786 1129 3827 se
1157 3779 1542 3843 receperunt.
1618 3770 1740 3828 Sed
1780 3778 1842 3829 et
1875 3772 2151 3844 Agareni
2173 3769 2482 3834 Orientem
2523 3770 2735 3828 eodem

468 3843 649 3900 modo
689 3848 1051 3900 tractarunt.

412 3920 447 3977 9
648 3915 909 3971 Duobus
930 3915 1107 3971 annis
1129 3919 1189 3971 et
1210 3915 1523 3971 mensibus
1544 3915 1793 3987 aliquot,
1835 3931 1913 3973 ex
1937 3931 2059 3988 quo
2083 3930 2345 3988 regnum
2365 3918 2735 3987 susceperat,

467 3987 708 4060 elapsis,
749 4001 887 4044 cum
927 3986 1105 4043 ludos
1140 3993 1458 4059 equestres
1485 3988 1855 4045 celebrasset
1893 3995 1954 4046 et
1988 3994 2132 4061 -post
2160 3993 2468 4044 certamen
2509 3988 2569 4044 in
2594 3987 2736 4043 Zeu·

466 4061 637 4132 xippi
680 4060 900 4116 balneo
941 4074 1166 4136 corpus
1204 4060 1470 4129 lavisset,
1510 4061 1810 4131 quosdam
1849 4069 2169 4118 senatores
2212 4075 2403 4117 cenae
2443 4060 2734 4127 adhibuit,

379 4136 449 4194 10
468 4133 583 4203 vel,
623 4138 691 4188 ut
718 4132 817 4188 alii
842 4132 1073 4201 dicunt,
1112 4147 1235 4201 eos,
1276 4133 1380 4204 qui
1404 4132 1562 4189 ludis
1589 4131 1982 4190 Circensibus
2005 4134 2299 4190 vicerant.
2376 4130 2445 4188 Iu
2486 4147 2560 4189 eo
2601 4147 2735 4187 con·

381 4210 440 4266 11
469 4206 634 4262 vivio
683 4219 720 4260 a
769 4205 1137 4276 quibusdam
1195 4206 1587 4263 senatoribus
1646 4220 1979 4279 oppressus
2028 4210 2336 4262 caecatur.
2411 4203 2482 4260 m
2533 4210 2734 4260 aetum

465 4284 558 4335 est
596 4276 793 4349 pridie
833 4283 1235 4350 pentecostes.
1311 4277 1632 4347 Postridie,
1692 4281 1806 4334 hoc
1844 4285 1937 4335 est
1976 4279 2036 4334 in
2078 4279 2212 4351 ipsa
2252 4282 2623 4349 pentecoste,
2676 4280 2735 4331 et

463 4356 716 4408 senatus
765 4355 824 4405 et
863 4350 1129 4422 populus
1167 4349 1538 4421 Anwmvn,
1571 4352 1858 4425 -primum
1897 4367 1934 4407 a
1973 4352 2241 4421 secretis,
2306 4352 2733 4423 imperatorem

464 4423 814 4496 designant,
852 4423 1044 4479 indito
1085 4425 1139 4481 ei
1181 4425 1430 4481 nomine
1470 4423 1796 4480 Anastasii.
