2870 4966
585 292 1185 361 censum-inve
1221 295 1291 360 V.
1329 289 1855 360 copaemuvs
1891 295 2070 359 REX.
2348 294 2459 360 265

197 486 362 560 ὅλως
406 483 674 559 οὐδενὸς
717 491 929 553 κακοῦ
975 482 1396 573 ἀπεχόμενος,
1442 483 1552 552 καὶ
1593 483 1882 560 ποικίλος
1925 485 2025 553 ὢν
2067 483 2183 573 τὴν
2225 485 2459 554 κακίαν

197 590 300 661 καὶ
344 589 424 657 οὔ
466 590 829 677 μονοειόής.
923 590 1004 657 οὔ
1051 589 1174 676 γὰρ
1227 588 1599 676 χριστιανός,
1665 590 1787 678 οὔχ
1820 589 2068 677 Ἕλλην,
2134 591 2258 658 οὔκ
2295 589 2456 658 Ἰου-
2474 592 2514 652 2

198 698 371 771 ὀαῒος
415 695 752 782 ἐτύγχανεν
797 696 917 780 ὤν,
965 691 1098 761 ἀλλ’
1148 694 1440 781 ἀσεβείας
1483 719 1572 768 τις
1615 695 1874 761 κυκεὼν
1918 693 2028 761 κάὶ
2073 695 2177 762 οἷα
2223 695 2298 761 τὰ
2340 696 2455 763 Aa·
2475 697 2727 773 winsi

194 800 360 892 βυκὰ
405 800 604 886 θηρία
652 799 967 887 ἱστόρηται
1013 800 1296 886 φύεσθαι
1334 801 1408 867 ἐκ
1438 801 1678 886 μίξεως
1708 801 2111 885 ἑτερογενῶν,
2156 800 2459 888 πολυειόῆ
2551 873 2557 879 ,

147 914 180 973 5
195 904 300 974 καὶ
351 904 671 993 σύμμικτα
726 904 841 992 τὴν
895 905 1072 972 lobna»
1124 904 1234 972 καὶ
1293 904 1407 993 τὴν
1472 904 1834 992 θηριωόίαν
1898 905 2289 993 γεννώμενα·
2353 903 2456 973 διὰ

194 1013 395 1079 ταῦτα’
424 1008 592 1095 πρὸς
635 1010 897 1077 πάντων
941 1010 1269 1098 μεμίσητο.

368 1116 440 1182 Κ
434 1114 498 1180 αὶ
517 1114 678 1182 κατὰ
698 1114 770 1181 τὸ
792 1115 1088 1200 όεύτερον
1108 1116 1247 1189 ἔτος
1264 1121 1375 1202 τῆς
1392 1115 1765 1200 τυραννίόος
1783 1115 1981 1181 αὐτοῦ
2005 1112 2111 1200 (οὔ
2125 1113 2248 1202 γὰρ
2260 1114 2459 1203 φαίην
2475 1118 2513 1178 Β

193 1225 269 1288 ἄν
311 1217 651 1307 βασιλείας)
703 1219 1159 1305 ἐκστρατεύσας
1186 1218 1365 1286 ,κατὰ
1395 1220 1696 1307 Ἀράβων
1726 1217 1835 1286 καὶ
1865 1220 1934 1286 ἔν
1962 1227 2058 1306 τῷ
2087 1220 2316 1306 θέματι
2344 1225 2458 1286 τοῦ

185 1325 480 1411 Ὀψικιόυ
527 1322 887 1411 γενόμενος,
937 1321 1017 1389 οὗ
1057 1324 1136 1410 δὴ
1172 1324 1458 1409 θέματος
1487 1323 1601 1410 τὴν
1630 1322 1838 1409 ἀρχὴν
1868 1324 1906 1390 ό
1938 1324 2231 1410 γαμβρὸς
2260 1325 2457 1391 αὐτοῦ

115 1436 177 1495 10
191 1429 569 1514 περιέζωστο
616 1427 654 1492 ὖ
686 1427 1177 1513 κουροπαλάτης
1198 1427 1652 1513 Ἄρτάβασὸος,
1700 1427 2077 1515 ἐπεβούλευε
2119 1428 2329 1514 τούτῳ
2375 1426 2454 1515 δὴ

189 1542 279 1620 τῷ
323 1531 540 1619 οίκείῳ
587 1533 882 1618 γαμβρῷ.
975 1533 1047 1597 οἵ
1080 1556 1144 1598 τε
1185 1530 1308 1618 γὰρ
1338 1537 1453 1598 τοῦ
1487 1531 1700 1617 δήμου
1732 1531 1840 1597 καὶ
1873 1532 1935 1597 οἱ
1963 1537 2073 1619 τῆς
2104 1532 2454 1617 γερουσίας,
2472 1534 2511 1594 4
2546 1533 2603 1595 D

191 1636 338 1704 ἀλλὰ
360 1639 575 1722 μέντοι
598 1636 708 1702 καὶ
731 1636 802 1702 τὸ
826 1636 1288 1720 στρατιωτικόν,
1317 1635 1834 1722 ἀπεχθανόμενοι
1855 1643 1950 1721 τῷ
1976 1635 2456 1721 Κωνσταντίνῳ,

190 1743 280 1815 ὡς
324 1744 577 1827 εἴρηται,
625 1748 721 1827 τῷ
748 1740 1168 1826 Ἀρταβάσόῳ
1201 1739 1552 1825 ὀρῦοόόξῳ
1582 1739 1948 1827 τυγχάνοντι
1983 1739 2097 1827 τὴν
2140 1739 2458 1825 βασιλείαν

190 1845 675 1932 ἐπεψηφίζοντο.
771 1844 963 1930 γνοὺς
1008 1844 1218 1910 τοίνυν
1263 1842 1377 1930 τὴν
1423 1842 1767 1930 ἐπιβουλὴν
1812 1843 1851 1909 ὁ
1878 1843 2310 1932 Ἀρτάβασόος
2348 1844 2513 1911 nale

114 1958 174 2016 15
191 1948 534 2037 (διαλεχθεὶς
596 1957 691 2035 τῷ
753 1950 896 2035 λαῷ
954 1949 1286 2015 ἐπιτίθεται
1343 1956 1439 2034 τῷ
1493 1948 1980 2035 Κωνσταντίνῳ.
2084 1944 2217 2015 ἀλλ’
2279 1950 2453 2037 ἔφθη
2473 1953 2511 2011 6

191 2056 513 2142 (διαφυγεῖν
559 2054 598 2120 ὁ
645 2053 1106 2140 Κοπρώνυμος
1151 2053 1261 2120 καὶ
1307 2056 1395 2127 εἰς
1440 2052 1511 2119 τὸ
1550 2053 1852 2139 Ἀμόριον
1895 2058 2291 2139 προσφυγεῖν
2347 2052 2456 2120 καὶ

191 2159 719 2248 (διαπεμψάμενος
764 2157 930 2246 πρὸς
987 2158 1095 2226 τὸν
1147 2165 1260 2226 τοῦ
1307 2158 1685 2226 ἀνατολικοῦ
1733 2157 2079 2246 στρατηγὸν
2122 2156 2233 2225 τὸν
2278 2158 2453 2246 Λαγ-

190 2377 251 2435 ll
289 2377 637 2440 ἐπανάστασις
672 2384 766 2434 τοῦ
800 2376 1157 2452 Ἀρταβάσὸου
1193 2374 1330 2435 κατὰ
1368 2383 1461 2434 τοῦ
1498 2376 1881 2448 Κοπρωνύμου
1921 2374 1968 2435 C

286 2580 322 2635 2
355 2580 651 2651 μονοειὸείς
689 2579 818 2652 w*p
858 2580 1067 2637 invitis
1105 2577 1214 2635 AR
1409 2578 1447 2634 4
1483 2579 1653 2650 θηρία
1693 2594 1809 2635 om.
1849 2576 1895 2636 C
2067 2578 2365 2649 ἱστόρηνται
2404 2576 2454 2636 O

286 2653 321 2708 5
357 2652 663 2725 γεννώμενα
701 2650 958 2726 prDi,
999 2654 1257 2725 γενόμενα
1294 2649 1476 2722 ABD,
1516 2667 1574 2707 v.
1614 2651 1695 2708 ad
1732 2650 1879 2715 XIII
1921 2651 1970 2721 l,
2000 2649 2037 2706 2
2185 2656 2328 2707 ante
2364 2649 2454 2709 διὰ

287 2726 427 2782 add.
465 2726 560 2782 καὶ
598 2726 654 2782 D
866 2726 901 2781 9
934 2723 1210 2798 Ὀψικίου]
1252 2740 1310 2781 ν.
1350 2724 1665 2781 Reiskium
1705 2724 1786 2781 ad
1824 2722 2028 2781 Const.
2067 2722 2452 2797 Porphyreg.

288 2799 364 2855 de
403 2800 647 2855 caerim.
688 2798 891 2872 1›.460,
913 2799 948 2854 9
987 2805 1048 2866 (t.
1074 2797 1130 2854 11
1172 2799 1230 2871 p.
1249 2796 1380 2865 497)
1549 2795 1618 2853 10
1654 2797 2003 2870 ἐπεβούλευσε
2040 2796 2096 2853 D
2284 2798 2455 2854 τούτω

289 2877 349 2928 el:
385 2880 541 2928 τοῦτο
581 2888 692 2945 per
731 2872 988 2945 dittogr,
1025 2873 1071 2928 Ε
1375 2870 1440 2926 11
1483 2878 1574 2943 τῆς
1610 2872 1888 2942 γερουσίας
1924 2870 2018 2927 καὶ
2054 2870 2111 2926 el
2144 2875 2238 2926 τοῦ
2277 2869 2454 2942 δήμου

289 2944 438 3016 pr
630 2945 697 3002 13
734 2944 960 3017 εἴρηται]
1001 2944 1109 3002 XV
1137 2945 1189 3012 ὃ,
1216 2943 1252 3000 2
1278 2951 1434 3001 extr.
1622 2943 1692 2999 14
1727 2944 1821 2998 καὶ
1860 2959 1975 3000 om.
1999 2941 2046 2998 B
2232 2941 2300 3000 17
2336 2943 2456 3016 λαγ·

287 3018 455 3089 κηνὸν
481 3015 774 3089 ARwa,
812 3018 1072 3092 λεγκηιύν
1099 3017 1172 3088 Ι),
1213 3015 1606 3074 Lauccnumz
1656 3017 1759 3073 Wo
1790 3016 1889 3073 lat.
1925 3030 2135 3073 errore
2158 3030 2271 3088 pre
2297 3014 2457 3072 Lan·

287 3105 524 3164 oenum,
562 3091 800 3165 λακηνὸν
839 3108 877 3165 p

186 3288 652 3351 dissectIonibus
710 3295 772 3351 ct
811 3290 1283 3350 evocationibus
1333 3290 1606 3349 manium
1646 3288 1904 3363 aliisque
1943 3286 2212 3347 infandis
2249 3287 2453 3360 rebus,

185 3360 444 3435 denique
483 3366 650 3423 nullo
691 3365 924 3422 scelere
964 3365 1278 3435 abstinuit,
1332 3380 1459 3421 nen
1498 3363 1790 3421 uniformi
1847 3360 1954 3420 scd
1994 3360 2311 3435 multiplici
2349 3361 2452 3419 im·

184 3436 482 3506 probitate
540 3438 877 3512 praeditus.
952 3436 1107 3496 Nam
1171 3453 1295 3494 nen
1335 3435 1718 3494 Christianus
1776 3438 1926 3506 erat,
1983 3450 2107 3492 nen
2147 3429 2510 3509 paganus,2

182 3522 298 3564 non
338 3510 625 3582 Iudaeus,
665 3510 775 3567 scd
814 3510 1079 3568 colluvio
1106 3509 1412 3582 quaedam
1437 3509 1766 3583 impietatis
1804 3510 1997 3565 instar
2017 3507 2450 3565 Africanarum

182 3581 462 3654 ferarum,
523 3599 686 3656 quae
725 3598 803 3641 cx
845 3583 1074 3640 diversi
1113 3585 1363 3656 generis
1416 3584 1583 3640 coitu
1622 3582 2026 3639 multiformes
2066 3582 2452 3652 confusaque

180 3657 376 3781 {specie
415 3663 474 3715 ct
512 3657 891 3714 immanitate
945 3657 1117 3713 nasci
1157 3656 1587 3729 perhibentur3
1650 3654 1942 3727 quocirca
1982 3654 2266 3710 omnibus
2317 3656 2452 3710 erat

202 3741 424 3787 nvisus.
872 3746 877 3752 ·

351 3802 638 3860 Secundo
679 3818 842 3860 anno
885 3802 1231 3876 tyrannidis
1270 3817 1422 3859 suae
1479 3800 1704 3874 (neque
1744 3801 1903 3857 enim
1946 3799 2123 3872 regni
2165 3798 2449 3867 dixerim)

179 3875 565 3946 expeditione
606 3883 822 3933 centra
860 3875 1099 3933 Arabes
1152 3883 1440 3949 susc-epta
1499 3890 1636 3931 cuin
1678 3873 1758 3930 ad
1798 3873 2026 3947 (ipsicii
2066 3872 2449 3946 provinciam

179 3949 565 4020 pervenisset,
626 3950 730 4008 cui
777 3950 1136 4023 provinciae
1193 3951 1327 4006 cius
1384 3949 1580 4005 affinis
1619 3945 2004 4004 Artabnsdus
2056 3944 2449 4018 curopalates

177 4027 467 4092 praeerat,
519 4023 602 4080 iili
643 4024 804 4080 assini
847 4040 961 4080 suo
1001 4023 1256 4080 insidias
1303 4023 1599 4079 struebat.
1676 4020 1827 4078 Nam
1868 4019 2133 4092 populus
2177 4025 2238 4076 ct
2276 4015 2504 4076 sena-4

176 4099 267 4147 tus
305 4100 492 4166 atque
531 4097 715 4159 etiam
740 4097 1032 4168 legionesi,
1074 4112 1232 4167 cuin,
1271 4102 1340 4153 ut
1362 4096 1590 4152 dictum
1632 4100 1739 4164 cst,
1781 4093 2249 4151 Constantinum
2292 4091 2446 4149 edis·

175 4172 317 4235 sent,
357 4167 709 4228 Artabasde
752 4176 820 4227 ut
862 4171 1209 4227 orthodoxo
1258 4184 1520 4241 regnum
1555 4166 1993 4225 decernebant.
2072 4165 2298 4224 Verum
2337 4161 2504 4223 Aine

175 4238 460 4298 tabasdus
519 4243 968 4300 animadversis
1028 4242 1279 4313 insidiis,
1341 4241 1620 4299 oratione
1677 4239 1843 4313 apud
1884 4238 2178 4312 populum
2218 4238 2445 4309 habita,

174 4307 629 4373 Constantinum
679 4317 1064 4388 aggreditur.
1139 4315 1260 4373 Sed
1300 4315 1521 4387 effugit
1561 4313 1989 4387 copronymus
2029 4317 2089 4369 ct
2127 4308 2503 4368 Ameriume

173 4397 234 4438 se
285 4390 537 4448 contulit
575 4391 900 4465 missisque
940 4390 1160 4463 legatis
1217 4389 1304 4447 ad>
1335 4388 1714 4459 Lanccnum,
1766 4385 2166 4445 Orientalium
2205 4385 2445 4459 ducem,
