2870 4966
339 233 789 295 NESTORIVS.
862 232 1158 292 TERTIA
1195 233 1556 295 sYNonvs
1597 236 1878 299 EPRESI
1913 235 2233 298 HABITA.
2308 239 2415 300 108
2495 271 2499 279 ·

164 421 572 506 συστήματος,
619 423 1052 504 χειροτονεῖται
1081 417 1392 492 Σιοίννιος
1426 418 1537 486 καὶ
1581 419 1682 487 ἐπὶ
1728 421 1848 488 δύο
1893 422 1998 509 ἔτη
2042 419 2157 509 τὴν
2201 421 2411 508 ἀρχιε-
2429 419 2501 484 24

164 524 458 612 ρωσύνην
509 521 920 608 κατεσχηκὼς
974 520 1089 606 τὴν
1143 521 1321 608 ζωὴν
1374 522 1743 610 ἐξεμέτρησε
1798 523 1960 591 κατὰ
2012 524 2084 592 τὸ
2129 524 2413 592 είκοοτδν
2431 527 2480 587 0

165 628 454 710 δεύτερον
498 626 636 698 ἔτος
675 632 785 710 τῆς
813 624 1128 710 βασιλείας
1165 622 1532 690 Θεοδοσίου.
1622 626 1730 693 καὶ
1759 627 2135 715 άντειοήχθη
2168 625 2408 694 Νεστό-
2429 630 2502 690 25
2598 664 2603 668 -

165 754 315 817 ριος,
361 731 434 800 ὃς
480 727 580 794 ἐπὶ
623 727 817 812 τρισὶν
861 716 1344 812 ἆρχιερατεύσας
1389 728 1691 802 ἐνιαυτοῖς
1736 729 2028 796 ἐδίδασκε
2070 730 2184 817 τὴν
2228 731 2412 815 ἁγίαν

115 840 148 898 5
164 833 487 918 παρθένον
538 830 804 914 Μαρίαν
857 830 1168 897 θεοτόκον
1221 831 1314 917 μὴ
1363 830 1581 916 λέγειν,
1643 832 1834 917 ψιλὸν
1896 833 2251 918 ἄνθρωπον
2303 833 2413 899 τὸν
2429 836 2500 895 26

165 935 440 1021 Χριστὸν
493 933 892 1020 δογματίζων
944 932 1052 1000 καὶ
1097 934 1285 1019 αὐτῷ
1341 935 1658 1021 ἐνοικῆσαι
1710 934 1820 1001 τὸν
1872 936 2012 1003 υἱὸν
2074 942 2186 1002 τοῦ
2251 936 2411 1002 θεοῦ

166 1039 473 1127 φλυαρῶν
526 1037 621 1110 ὥς
677 1035 766 1103 ἑνὶ
818 1043 948 1102 τῶν
999 1042 1373 1123 προφητῶν,
1429 1035 1538 1103 καὶ
1591 1037 1677 1110 εἰς
1732 1037 1852 1104 δύο
1906 1038 2170 1122 διαιρῶν
2221 1037 2414 1105 αὐτὸν
2431 1042 2500 1104 27

167 1143 242 1209 οὔ
287 1141 494 1224 σάρκα
540 1140 752 1226 λαβεῖν
797 1140 869 1205 ἐκ
915 1143 1044 1205 τῶν
1089 1139 1303 1224 ἁγνῶν
1347 1139 1638 1224 αἱμάτων
1688 1146 1799 1227 τῆς
1851 1141 2251 1228 θεομήτορος
2303 1139 2414 1207 τὸν

165 1250 272 1311 τοῦ
329 1245 487 1309 θεοῦ
542 1241 732 1329 λόγον
789 1241 1245 1328 ἀπισχυρίζετο,
1310 1240 1466 1309 ἀλλὰ
1521 1242 1711 1309 ἄλλον
1761 1241 1881 1330 μὲν
1925 1241 2077 1311 εἶναι
2121 1242 2230 1310 τὸν
2275 1241 2414 1310 υίὸν
2431 1246 2504 1307 28

90 1353 152 1411 10
167 1352 274 1413 τοῦ
321 1345 481 1411 θεοῦ
526 1344 635 1411 καὶ
677 1343 885 1431 λόγον,
932 1344 1122 1411 ἄλλον
1167 1343 1237 1411 δὲ
1282 1343 1390 1411 τὸν
1430 1343 1708 1429 Χριστὸν
1751 1346 1933 1421 θέσει,
1967 1345 2410 1436 υίοποιηθέντα
2477 1421 2483 1427 ‚

83 1470 87 1475 ’
167 1448 270 1516 καὶ
315 1448 516 1534 χάριτι
560 1448 911 1515 θεωθέντα.
1002 1453 1192 1513 ταῦτα
1242 1446 1311 1513 δὲ
1353 1448 1673 1533 μαθόντες
1717 1449 1780 1516 ol
1823 1453 1951 1521 τῶν
1994 1446 2236 1515 λοιπῶν
2286 1471 2410 1515 πα·
2431 1435 2504 1511 29'

167 1555 544 1638 τριαρχικῶν
587 1556 995 1637 προεστῶτες·
1022 1549 1304 1636 θρόνων,
1352 1549 1391 1617 δ
1426 1557 1538 1637 τῆς
1559 1548 1813 1639 Ῥώμης
1843 1537 2226 1637 Κελεοτῒνος,
2274 1549 2411 1617 Kb·
2432 1554 2487 1614 D

168 1655 370 1740 ριλλος
416 1655 453 1721 δ
488 1654 968 1739 Ἀλεξανδρείας,
1020 1654 1313 1740 Ἰωάννης
1347 1653 1728 1740 Ἀντιοχείας,
1777 1654 2184 1742 Ἰουβενάλιος
2219 1653 2411 1739 Ἱερο-

169 1759 483 1842 σολύμων,
554 1759 942 1843 ἀναφέρουσι
1007 1757 1173 1841 πρὸς
1238 1757 1348 1823 τὸν
1414 1758 1654 1824 ἄνακτα
1723 1756 2067 1826 Θεοδόσιον
2129 1755 2237 1825 καὶ
2298 1757 2413 1844 τὴν

91 1866 150 1923 15
169 1861 584 1946 Πουλχερίαν,
632 1861 986 1946 αἰτούμενοι
1032 1860 1304 1927 σύνοδον
1348 1861 1775 1947 ἀθροισθῆναι
1819 1860 1928 1927 καὶ
1973 1861 2413 1947 γυμνασθῆναι

167 1965 238 2028 τὰ
290 1964 465 2048 παρὰ
520 1970 632 2030 τοῦ
687 1963 1036 2049 Νεστορίου
1103 1964 1619 2050 δογματιζόμενα.
1711 1965 2244 2052 συγκροτηθείσης
2297 1964 2506 2031 οὖνΒΟ
2543 1969 2643 2042 W
2674 1973 2803 2035 111
2824 1976 2854 2036 Ι

169 2069 233 2133 ἒν
262 2067 525 2152 Ἐφέσῳ
581 2068 855 2134 συνόδου
911 2068 1255 2135 διακοσίων
1306 2069 1621 2153 πατέρων,
1687 2067 1765 2156 ἧς
1816 2069 2078 2155 ἐξῆρχεν
2131 2069 2170 2134 ὁ
2214 2069 2410 2154 ἁγιώ-

167 2195 344 2243 τατος
391 2170 720 2255 Κύριλλος,
769 2172 1017 2256 ἐπέχων
1060 2171 1166 2237 καὶ
1212 2171 1321 2238 τὸν
1361 2173 1558 2238 τόπον
1587 2171 1956 2238 Κελεστίνου
2000 2177 2112 2238 τοῦ
2135 2171 2408 2258 Ῥώμης,

166 2380 199 2434 3
231 2378 349 2448 περὶ
382 2341 729 2450 πατριαρχῶν
770 2377 866 2435 ΟΕ
1026 2380 1061 2436 6
1100 2356 1192 2435 καὶ
1226 2379 1349 2451 περὶ
1388 2380 1505 2449 (τοῦ
1543 2380 1613 2447 Ε)
1650 2381 1948 2449 Νεστορίου
1986 2378 2080 2436 καὶ
2116 2387 2208 2452 τῆς
2243 2379 2411 2437 αὑτοῦ

165 2452 415 2522 αἱρέσεως
441 2450 537 2508 ΟΕ
575 2450 704 2519 (sed
744 2452 867 2508 duo
907 2451 1060 2510 haec
1096 2458 1463 2526 argumenta
1499 2453 1819 2510 coniunxit
1843 2451 1914 2523 Ε)
2060 2450 2129 2510 16
2161 2451 2281 2523 περὶ
2316 2460 2411 2526 τῆς

167 2524 334 2594 τρίτης
368 2523 597 2580 συνόδου
634 2522 787 2582 ΛΟΕ

268 2702 297 2760 1
336 2669 554 2766 σισίζιος
590 2702 661 2775 A,
699 2707 943 2766 σισίννιος
981 2703 1136 2778 CEp,
1175 2706 1392 2768 οισίνιος
1429 2704 1555 2776 RW,
1596 2703 1896 2764 sisinnius
1944 2703 2046 2762 Wo
2083 2702 2202 2775 lat„
2240 2702 2409 2761 undo
2456 2718 2461 2721 ’

265 2776 531 2838 Σιοίννιος
569 2776 772 2833 hausit
812 2791 850 2849 p
1048 2774 1085 2833 4
1119 2776 1392 2840 ὃνιαυτοὺς
1430 2776 1477 2836 C
1691 2775 1728 2833 5
1760 2774 1839 2849 μὴ
1879 2780 2023 2833 ant-e
2060 2775 2319 2832 θεοτόκον
2356 2774 2408 2833 Β

265 2849 299 2903 9
335 2848 490 2920 λόγον
527 2845 748 2919 ΛΟῐνῐ),
788 2846 903 2905 υίδν
941 2847 989 2905 Ε
1153 2849 1220 2905 13
1257 2850 1289 2905 ό
1326 2865 1441 2906 om.
1481 2847 1536 2905 D
1707 2847 1999 2921 ίοβενάλιος
2037 2846 2099 2919 C,
2136 2847 2318 2920 ίουβεν
2385 2875 2407 2890 ·

265 2920 376 2981 λιος
414 2920 477 2990 Ε,
517 2936 574 2977 v.
612 2919 754 2976 Xlll
795 2918 880 2988 24,
919 2919 989 2977 23
1191 2920 1257 2976 16
1295 2928 1386 2977 τοῦ
1425 2936 1542 2980 om.
1580 2919 1628 2977 Ε
1822 2918 1889 2978 17
1924 2919 2168 2990 πατέρων
2206 2934 2320 2976 om.
2357 2917 2406 2976 C

267 2992 336 3048 18
383 2996 525 3049 ante
575 2991 763 3065 ῥώμης
802 2990 943 3049 add.
987 2990 1136 3051 πάπα
1174 2991 1387 3068 Bpr,
1446 2997 1585 3068 post
1628 2990 1929 3049 κελεστίνου
1978 2989 2119 3048 add.
2163 2989 2312 3048 πόποι
2348 2989 2405 3048 D

267 3064 486 3123 omisso
525 3071 618 3121 τοῦ
654 3068 798 3123 ante
834 3063 1024 3138 ῥώμης
2495 3076 2500 3082 ’

163 3254 472 3330 sisinnius,
525 3260 646 3331 qui,
694 3275 832 3317 cum
871 3258 929 3315 11
966 3274 1161 3317 annos
1199 3259 1616 3332 pontificatum
1659 3259 1969 3330 tenuisset,
2012 3256 2204 3317 xxn.
2240 3272 2403 3316 auno

162 3332 333 3402 regni
346 3330 673 3389 Theodosii
688 3332 873 3389 vitam
887 3331 1099 3389 finivit.
1138 3332 1205 3389 In
1219 3333 1350 3389 eius
1365 3333 1564 3390 locum
1579 3330 1962 3389 introductus
1972 3338 2063 3389 est
2073 3330 2403 3401 Nestorius,
2420 3325 2505 3389 2⁶

163 3404 262 3471 qui
302 3419 410 3475 per
455 3403 542 3460 111
581 3421 775 3461 annos
813 3405 1168 3478 pontificatu
1208 3406 1455 3463 functus
1493 3402 1754 3461 docebat
1792 3409 2063 3462 sanctam
2101 3403 2401 3475 virginem

161 3472 406 3532 Mariam
447 3477 758 3549 deiparam
797 3493 919 3533 non
961 3493 1093 3534 esse
1133 3477 1473 3534 dicendam.
1545 3476 1846 3534 Christum
1883 3491 2032 3534 vero
2065 3476 2210 3534 nihil
2236 3472 2506 3535 anuum

164 3562 292 3605 esse
330 3550 733 3620 profitebatur
769 3551 884 3606 nisi
915 3551 1216 3607 hominem
1245 3551 1304 3606 in
1333 3565 1532 3621 coque
1557 3550 1812 3606 inmisso
1837 3548 2190 3621 nugabatur
2215 3547 2401 3605 fllium

164 3619 257 3677 dei
293 3629 363 3678 ut
399 3624 462 3678 in
503 3622 766 3694 quodam
807 3623 1104 3695 propheta
1144 3621 1365 3693 deique
1403 3621 1659 3678 verbum
1698 3623 1759 3677 in
1803 3622 1957 3677 duas
2001 3627 2205 3693 partes
2253 3617 2505 3681 divi-27

163 3708 288 3749 sum
338 3711 461 3751 non
500 3696 828 3766 sumpsisse
868 3711 1110 3751 carnem
1151 3710 1229 3750 ex
1271 3698 1482 3750 sancto
1521 3696 1824 3766 sanguine
1861 3694 1965 3750 dei·
1997 3691 2205 3749 matris
2242 3707 2400 3750 asse·

163 3766 332 3823 rebat
358 3768 464 3824 sed
502 3768 684 3823 alium
727 3782 861 3823 csse
897 3768 1082 3823 tilium
1125 3767 1222 3823 dei
1263 3772 1322 3822 et
1359 3767 1635 3833 verbum,
1676 3767 1859 3822 alium
1889 3765 2189 3834 Christum
2217 3762 2510 3838 adop-28

162 3838 319 3895 tione
341 3841 525 3896 tilium
551 3839 772 3910 deique
791 3841 994 3911 gratia
1016 3840 1195 3896 deum
1215 3840 1460 3895 sactum.
1500 3838 1733 3905 Quibus
1756 3838 2031 3908 cognitis,
2061 3836 2400 3896 celestinus
2419 3835 2509 3895 29

161 3907 485 3980 Romanus,
523 3911 783 3983 Cyrinus
819 3910 1293 3978 Alexandrinus,
1331 3910 1592 3967 Ioannes
1619 3909 2049 3977 Antiochenus,
2091 3909 2402 3966 Iuvenalis

160 3980 760 4057 Hierosolymitanus‚
789 3986 974 4040 ceteri
1002 3984 1404 4056 patriarchae,
1433 4000 1503 4041 re
1527 3982 1607 4039 ad
1634 3984 1966 4056 principem
1989 3981 2401 4039 Theodosium

161 4061 217 4110 et
240 4055 621 4113 Pulcheriam
650 4057 852 4113 delata
880 4063 1073 4126 orant,
1111 4062 1181 4113 ut
1215 4056 1536 4112 concilium
1576 4060 1949 4112 convocetur
1987 4059 2047 4110 et
2085 4054 2402 4111 excutian-

161 4131 256 4182 tur
303 4128 561 4185 Nestorii
620 4130 927 4201 dogmata.
1015 4128 1339 4201 Compulso
1397 4129 1585 4199 igitur
1636 4127 1936 4199 Ephesum
1993 4127 2248 4183 concilio
2306 4124 2520 4188 0080

160 4204 412 4270 patrum,
467 4204 565 4258 cui
615 4207 897 4273 praeerat
937 4202 1351 4258 sanctissimus
1390 4200 1665 4272 cyrillus,
1724 4201 1826 4271 qui
1866 4204 1925 4255 et
1968 4199 2166 4255 locum
2206 4199 2406 4256 tenuit

161 4268 437 4329 Celestini
475 4273 731 4332 Romani
768 4275 981 4331 morbo
1021 4274 1306 4347 prohibiti
1347 4274 1537 4342 adire,
1573 4272 1833 4330 Nestorii
1872 4272 2221 4329 examinat-a
2258 4277 2406 4329 sunt
