2870 4966
419 323 530 392 270
1040 290 1318 392 zonas.
1358 317 1563 394 spir.
1601 272 1712 394 xv
1748 319 1800 408 ι.
1840 293 2071 393 10426.

402 514 741 605 Ἀγχίαλον
783 513 897 592 τὰς
940 520 1102 605 νῆας
1143 516 1584 606 προσώρμισε,
1649 519 1760 586 καὶ
1802 519 2193 598 πνεύσαντος
2237 522 2480 609 ἀνέμου
2526 549 2680 615 σφο-

413 621 575 708 ὀροῢ
640 621 1097 709 συνετρίβησαν
1160 622 1393 711 σχεόὸν
1456 624 1717 710 ἅπασαι,
1783 625 1894 692 καὶ
1945 626 2165 715 πλήθη
2219 626 2424 695 πολλὰ
2469 635 2581 698 τοῦ
2622 658 2683 701 τε

409 728 713 794 ναυτικοῦ
759 727 870 794 καὶ
913 733 1029 795 τοῦ
1076 734 1528 815 στρατιωτικοῦ
1576 729 1913 797 ἀπώλοντο
1960 731 2030 797 ἔν
2067 737 2198 806 τοῖς
2232 732 2488 800 ὕδασιν·
2535 736 2683 805 ὅθεν

411 831 742 919 ἄπρακτος
787 832 1166 921 ἐπανῆλθεν.

297 951 393 1016 ;20
488 973 492 977 ·
583 938 1089 1026 Ἐκμαινόμενος
1132 940 1347 1027 μέντοι
1391 939 1555 1006 κατὰ
1586 945 1720 1006 τῶν
1746 946 2079 1029 μοναχῶν,
2126 943 2507 1030 ῖππηλασίας
2537 945 2681 1034 ἀγο-
2697 961 2729 1019 5

406 1043 608 1131 μένης
663 1044 732 1110 ἐν
783 1052 880 1130 τῷ
936 1045 1219 1132 θεάτρῳ,
1283 1044 1561 1120 πολλοὺς
1615 1046 1832 1113 αὐτῶν
1876 1047 2220 1136 κατασχὼν
2266 1048 2684 1138 ἐθριάμβευσε

412 1147 515 1216 διὰ
561 1154 676 1215 τοῦ
721 1149 1003 1236 θεάτρου
1048 1151 1481 1237 περιαγαγών,
1528 1152 1773 1239 ἄσεμνα
1820 1152 1888 1219 ἕν
1933 1159 2068 1227 ταῖς
2102 1154 2280 1241 χερσὶ
2311 1156 2684 1243 κατέχοντας

230 1263 282 1328 B
318 1268 387 1328 21
411 1253 656 1340 γύναια.
748 1254 862 1321 καί
910 1279 1082 1330 τινας
1136 1261 1268 1323 τῶν
1323 1250 1657 1343 ἐπισήμων
1712 1257 2049 1344 ἀρχόντων
2093 1257 2241 1332 τοὺς
2284 1258 2407 1346 μὲν
2451 1260 2682 1350 φθόνῳ

245 1370 249 1375 “
412 1354 493 1425 ὀι’
543 1359 903 1446 ὡραιότητα
950 1359 1060 1426 καὶ
1107 1359 1588 1448 ῥωμαλεότητα,
1634 1360 1785 1436 τοὺς
1832 1362 1903 1429 ὁὲ
1948 1363 2043 1430 ὅτι
2087 1361 2200 1438 τὰς
2240 1364 2684 1451 ἀρρητοποιίας

345 1457 349 1463 ’
411 1464 610 1531 αὗτοῢ
654 1471 967 1552 μοναχοῒς
1012 1464 1414 1551 ἐξηγόρευον,
1464 1468 1959 1555 συκοφαντήσας
2004 1468 2100 1543 ὡς
2129 1464 2269 1535 κατ’
2304 1470 2502 1537 αὑτοῦ
2531 1471 2679 1558 βου·
2701 1485 2761 1544 10

410 1567 819 1658 λευομένους,
886 1568 1007 1637 δύο
1062 1568 1183 1657 μὲν
1227 1575 1360 1636 τῶν
1405 1571 1888 1659 έπισημοτέρων
1933 1572 2046 1648 τὰς
2092 1572 2381 1660 κεφαλὰς
2427 1575 2680 1664 ἐξέτεμε,

408 1681 540 1750 τοῖς
586 1674 658 1742 δὲ
702 1674 946 1750 λοιποῖς
991 1673 1285 1762 ἐκκόψας
1329 1674 1404 1741 τὰ
1450 1675 1714 1764 ’ὄμματα
1752 1684 2201 1765 περιγραπτοῒς
2231 1677 2466 1754 αὐτοὺς
2496 1680 2683 1767 ὁρίοις

412 1779 819 1857 συνέκλεισεν,
890 1780 1051 1847 ἔνθα
1120 1775 1260 1846 κατ’
1328 1780 1614 1848 ἐνιαυτὸν
1679 1783 1960 1871 πέμπων
2026 1782 2254 1852 ἑκατὸν
2317 1784 2683 1873 βουνεύροις

318 1886 625 1974 ῼΞῇκιζεν
682 1886 966 1953 ἕκαστον.
1060 1884 1216 1953 ἀλλὰ
1275 1885 1386 1953 καὶ
1442 1885 1553 1954 τὸν
1610 1883 1764 1974 παρ’
1813 1888 2011 1957 αὐτοῦ
2069 1889 2519 1978 προβληθέντα
2564 1914 2679 1958 πα·
2698 1896 2744 1956 D
2763 1898 2849 1959 1113

410 1991 713 2080 τριάρχην
766 1989 876 2059 τὸν
932 1993 1417 2060 Κωνσταντῒνον
1476 1991 1566 2059 ἑνὶ
1622 1998 1753 2062 τῶν
1810 1993 2145 2082 ἀρχόντων
2201 1996 2447 2063 τούτων
2501 2019 2679 2064 συνο-
2697 2007 2757 2067 16

408 2097 608 2186 μιλεῒν
653 2097 853 2166 εἰπὼν
897 2096 1008 2165 καὶ
1053 2098 1251 2185 λέγειν
1305 2092 1446 2166 κατ’
1506 2098 1704 2166 αὐτοῦ
1763 2100 1872 2167 καὶ
1926 2100 2328 2190 κατηγόρους
2382 2098 2551 2176 τινὰς
2602 2102 2682 2177 εἷς

411 2204 669 2292 ἔλεγχον
731 2205 929 2273 αὐτοῦ
993 2204 1461 2293 παρεσκεύασε·
1527 2204 1638 2272 καὶ
1695 2204 2100 2294 ἀρνουμένου
2159 2207 2403 2275 ἐκείνου
2459 2206 2682 2294 ὀμόσαι

448 2506 451 2511 ·
523 2489 559 2548 5
594 2488 846 2563 ἐκμανεὶς
883 2487 940 2548 D
1049 2489 1339 2564 γενομένης
1376 2489 1525 2565 Ewp
1637 2490 1671 2549 7
1708 2490 1767 2548 έν
1807 2506 1924 2548 om.
1962 2489 2115 2564 pr
2223 2489 2410 2564 χερσὶν
2437 2488 2681 2565 EwpDi,

525 2580 584 2621 v·
611 2564 692 2621 ad
717 2563 943 2635 X111.1,
965 2563 1000 2621 5
1145 2567 1181 2621 8
1219 2586 1364 2628 τινας
1401 2562 1645 2639 prDz'
1698 2586 1810 2621 τινα
1844 2563 1899 2620 Α
2046 2566 2081 2621 9
2117 2563 2497 2638 ρωμαλεότητα
2536 2580 2683 2622 corr·

525 2652 603 2695 ex
642 2638 1051 2712 ρωμαλαιότητα
1089 2636 1161 2710 Α,
1199 2638 1582 2733 ρωμαλεότητα
1623 2607 1685 2709 (²2,
1724 2637 2134 2712 ρωμαλαιότητα
2171 2639 2323 2711 pr
2510 2639 2579 2695 10
2612 2639 2685 2704 ἐξ·

498 2727 501 2730 ⁴
561 2719 752 2785 γοῦντο
786 2720 1042 2785 μοναχοῖς
1080 2711 1136 2768 D
1290 2711 1410 2769 κατ’
1447 2719 1612 2770 αυτοῦ
1648 2712 2076 2787 βουλευομένους
2112 2710 2445 2785 AEwap‚
2483 2711 2684 2786 ἔπιβού·

521 2733 648 2850 {Iove
684 2786 850 2844 αὐτοῦ
890 2786 940 2844 Ο
1091 2785 1156 2842 11
1197 2790 1342 2844 ante
1369 2786 1471 2844 δύο
1496 2786 1637 2844 add.
1665 2786 1888 2843 διώλεσε
1914 2785 2066 2859 pr
2212 2784 2313 2856 μὲν
2350 2783 2475 2857 AR,
2512 2786 2682 2857 μέντοι

523 2858 614 2917 w*
839 2857 1137 2933 ε’πισήΙμων
1175 2859 1224 2916 Ε
1410 2860 1480 2917 12
1515 2858 1763 2932 ἐκτεμὼν
1801 2859 1952 2933 pr
2138 2866 2283 2917 ante
2319 2868 2684 2932 περιγραπτοῖς

522 2876 664 2992 ads.
701 2932 795 2992 καὶ
821 2933 973 3008 pr
1116 2932 1509 3006 περιγραπτούς
1540 2934 1674 3007 (sic)
1701 2933 1757 2991 A
1904 2931 1990 2990 12.
2036 2933 2105 2991 13
2142 2932 2336 2996 αὐτοὺς
2372 2934 2539 3004 ὅριόις
2574 2954 2683 2990 συν-

521 3007 755 3064 έκλεισεν
780 3005 851 3079 A,
891 3009 1061 3080 ὁρίοις
1099 3008 1417 3081 συγκλείσας
1455 3007 1650 3071 αὐτοὺς
1688 3007 1839 3081 pr
1990 3007 2059 3065 13
2095 3005 2343 3079 πέμπων]
2382 3007 2617 3079 πέμπτον
2639 3005 2683 3063 Β

516 3081 595 3160 ,14
631 3080 765 3139 ἀλλὰ
804 3098 920 3139 om.
950 3080 999 3139 Ο
1060 3094 1064 3100 ’
1133 3083 1287 3175 'post
1324 3083 1488 3140 αὐτοῦ
1528 3081 1669 3140 add.
1708 3080 1770 3139 δὲ
1807 3080 1856 3176 9
2007 3080 2091 3139 14.
2117 3081 2185 3138 15
2219 3078 2683 3175 na19.t.Km2;ot.]

522 3157 1542 3300 ’52'531‘3‘1‘35'21'12'3‘2‘33'2’213ciffwssst
1566 3153 1708 3293 «ἐξ,
1734 3154 2684 3303 3”‘“”'1‘7²¹¹3;0320„2,5{22¹1{w“13’1‘33

522 3303 927 3375 παρεσκεύασεν
964 3302 1035 3374 A,
1076 3318 1133 3360 v.
1174 3300 1256 3360 ad
1293 3302 1378 3360 XI
1414 3303 1445 3361 Ι
1485 3303 1533 3374 1,
1572 3303 1608 3361 ὃ
1767 3316 1771 3320 “

416 3583 516 3638 est·
567 3575 677 3637 sed
716 3576 986 3653 procella
1005 3580 1176 3638 venti
1197 3578 1466 3637 navibus
1504 3578 1637 3637 fere
1666 3578 1948 3637 omnibus
1987 3578 2210 3636 collisis
2237 3592 2468 3651 magna
2492 3573 2683 3634 multi·

335 3667 341 3674 ·
415 3621 567 3711 tudo
614 3657 676 3710 et
695 3657 1026 3710 nautarum
1067 3658 1129 3711 et
1146 3654 1402 3710 militum
1432 3655 1494 3710 in
1516 3669 1681 3726 aqua
1702 3652 2369 3726 periit3'undoinfecta
2407 3667 2474 3708 re
2494 3650 2682 3707 rediit.

323 3729 399 3788 20
597 3725 1002 3783 Nihilominus
1041 3732 1248 3784 tamen
1304 3733 1521 3784 contra
1570 3728 1906 3784 monachos
1944 3727 2155 3783 furore
2206 3725 2496 3799 percitae,
2553 3738 2683 3779 cum

414 3799 480 3858 in
517 3799 758 3857 theatro
799 3799 927 3857 ludi
968 3798 1285 3858 Circenses
1327 3806 1682 3873 agerentur,
1739 3801 1962 3857 multos
2003 3800 2079 3856 de
2117 3801 2192 3857 iis
2234 3795 2687 3871 comprehendit

415 3878 478 3932 et
534 3889 646 3947 per
695 3874 1004 3930 theatrum
1072 3875 1484 3946 ignominiose
1554 3874 1847 3946 perduxit
1896 3873 2251 3930 inhonestas
2302 3869 2686 3928 mulierculas

322 3948 393 4008 21
415 3947 700 4004 manibus
739 3952 1036 4004 tenentes.
1113 3947 1424 4013 Quosdam
1465 3948 1649 4004 etiam
1674 3947 1999 4004 illustrium
2023 3948 2384 4020 principum,
2424 3945 2575 4000 alios
2612 3955 2684 3998 ex

415 4021 668 4090 invidia,
712 4021 791 4077 ob
831 4020 1349 4094 pulchritudinem
1389 4026 1452 4077 et
1491 4021 1698 4091 robur,
1760 4020 1912 4076 alios
1951 4037 2062 4093 per
2101 4020 2485 4087 calumniam,
2527 4012 2686 4088 quod

415 4095 531 4151 sibi
571 4094 1013 4151 insidiarentur
1051 4102 1113 4151 et
1150 4109 1264 4149 sua
1302 4095 1583 4150 facinora
1621 4094 1939 4150 monachis
1977 4099 2302 4151 narrarent
2340 4111 2407 4132 -·
2450 4090 2685 4147 duobus

414 4168 861 4239 insignioribus
909 4167 1113 4239 capita
1164 4168 1446 4237 resecuit,
1498 4166 1769 4238 reliquos
1818 4168 2011 4224 oeulis
2063 4167 2255 4224 erutis
2312 4165 2493 4221 certis
2547 4162 2685 4217 locis

414 4241 660 4298 inclusit
713 4256 914 4312 coque
960 4240 1200 4297 lorariis
1253 4239 1585 4312 quotannis
1635 4241 1835 4297 missis
1885 4251 2390 4311 unumquemque
2448 4240 2685 4293 centum

322 4316 625 4377 22ncrvis
663 4313 911 4370 bubulis
952 4314 1267 4370 caedebat.
1344 4312 1440 4369 Ad
1481 4314 1635 4370 haec
1673 4314 2062 4386 patriarchae
2102 4312 2502 4369 Constantino
2549 4325 2586 4365 a
2621 4321 2684 4362 se

416 4388 742 4460 designato
783 4387 1021 4444 crimini
1061 4387 1246 4455 dedit,
1303 4386 1472 4458 quod
1512 4402 1648 4443 cum
1689 4402 1815 4444 uno
1856 4387 1933 4443 de
1971 4387 2044 4442 iis
2088 4387 2469 4458 principibus
2516 4381 2686 4439 collo·

416 4461 564 4538 quia
591 4457 807 4518 contra
844 4461 1204 4535 sehaberct,
1243 4461 1598 4519 subornatis
1638 4460 1718 4517 ad
1758 4476 1899 4517 eum
1925 4461 2419 4518 convincendum
2446 4469 2686 4515 accusa·

1580 4588 1587 4595 .

1624 4641 2305 4940 Δ
