2870 4966
171 260 177 267 ’
232 337 236 343 .
348 282 457 346 130
816 319 823 329 -
873 304 877 308 ·
956 279 1233 346 zoNAR.
1271 280 1472 345 EPIT.
1508 279 1650 345 xlv
1685 282 1737 358 2,
1776 280 2006 345 ιιι-23.

258 479 328 535 14
341 471 555 560 ῄεσαν.
646 470 686 539 ὀ
740 469 810 539 δὲ
866 470 1243 543 Βασιλίσκος
1287 471 1623 557 Ἁρμάτιον
1677 469 1787 537 τὸν
1839 470 2070 538 οἰκεῖον
2125 472 2388 560 ἀνεψιὸν
2439 478 2589 565 μετὰ

254 580 326 639 15
344 579 477 643 τῶν
529 573 878 663 Θρᾳκικῶν
920 574 1260 662 ταγμάτων
1315 575 1544 643 στέλλει
1599 572 1760 641 κατὰ
1817 578 1930 640 τοῦ
1977 573 2309 662 Ζήνωνος·
2372 581 2479 649 καὶ
2521 587 2591 660 ὃς

342 681 732 769 συναντήσας
761 681 940 767 αὐτῷ
966 678 1111 767 περὶ
1140 679 1417 747 Νίκαιαν
1462 679 1571 747 καὶ
1613 680 1930 766 χρήμασιν
1975 680 2393 768 ὕποφθαρείς,
2432 687 2590 773 πρὸς

277 790 323 849 C
343 785 413 851 δὲ
457 790 588 860 τοῖς
631 785 739 852 καὶ
783 785 1115 871 ὑποσχέσει
1159 790 1272 852 τοῦ
1317 783 1615 869 Καίσαρα
1661 783 2010 871 στεφθῆναι
2054 783 2163 852 τὸν
2207 785 2347 854 υἱὸν
2399 791 2586 860 αὐτοῦ

256 894 323 952 16
342 888 741 974 Βασιλίσκον,
794 897 889 976 τῷ
935 887 1190 975 Ζήνωνι
1233 892 1616 974 προσχωρεῒ.
1707 888 2052 955 κάντεῦθεν
2096 888 2309 957 ἐλθὼν
2353 893 2438 967 είς
2479 896 2586 982 τὴν
2605 909 2638 967 5

341 993 1006 1062 Κωνσταντινούπολιν
1061 993 1101 1059 δ
1156 992 1391 1080 Ζήνων
1454 992 1689 1078 ἐδέχθη
1755 992 1882 1058 ὑπό
1945 1014 2009 1058 τε
2071 999 2182 1081 τῆς
2243 997 2584 1085 συγκλήτου

256 1105 321 1164 17
339 1097 448 1165 καὶ
510 1103 622 1165 τοῦ
685 1098 861 1164 λαοῦ.
953 1096 1061 1164 καὶ
1118 1096 1156 1163 ὅ
1212 1096 1592 1170 Βασιλίσκος
1651 1101 1729 1183 τῇ
1792 1095 2091 1184 ἐκκλησίᾳ
2152 1101 2585 1190 προσπέφευγε

338 1201 496 1290 μετὰ
541 1208 652 1290 τῆς
697 1200 995 1288 γυναικὸς
1039 1201 1147 1268 καὶ
1190 1204 1321 1267 τῶν
1364 1200 1639 1285 παίδων,
1685 1199 1842 1266 ὅθεν
1886 1200 2114 1289 ἐξῆλθε
2153 1202 2585 1292 πληροφορίαν

255 1315 323 1371 18
339 1307 561 1395 λαβὼν
613 1306 707 1379 ὥς
752 1307 831 1373 οὔ
878 1297 1325 1393 στερηθήσεται
1369 1312 1479 1392 τῆς
1525 1307 1719 1391 ζωῆς.
1811 1303 1920 1372 καὶ
1972 1306 2360 1394 ἀπήχθησαν
2410 1313 2494 1385 εἴς
2533 1338 2584 1380 τι

340 1411 674 1498 φρούριον,
740 1411 899 1477 ἔνθα
963 1410 1198 1496 λέγεται
1261 1410 1349 1484 εἷς
1409 1409 1684 1494 πύργον,
1719 1410 2245 1496 κατακλεισθῆναι
2302 1412 2415 1481 σὺν
2465 1422 2585 1490 τοῖς
2607 1428 2667 1486 10

256 1523 324 1579 19
340 1514 654 1600 φιλτάτας
682 1516 791 1581 καὶ
823 1516 1258 1600 διαφθαρῆναι
1287 1514 1472 1600 λιμῷ.
1564 1513 1761 1599 ἕτεροι
1796 1514 1867 1579 δὲ
1912 1514 2321 1601 ἀναιρεθῆναι
2365 1519 2584 1593 αὐτοὺς

208 1612 218 1623 ’
252 1630 324 1686 20
342 1617 409 1683 ἒν
454 1626 547 1702 τῷ
593 1618 948 1702 ἀπάγεσθαι
994 1617 1294 1702 λέγουσιν.
1386 1617 1425 1683 ὁ
1469 1617 1704 1703 Ζήνων
1751 1617 1820 1682 δὲ
1864 1618 1974 1684 καὶ
2017 1617 2131 1703 τὴν
2175 1621 2400 1686 ἑαυτοῦ
2443 1647 2581 1689 πεν-

252 1721 544 1806 21θερὰν
587 1720 701 1807 τὴν
744 1722 1030 1806 βασιλίδα
1065 1721 1348 1807 Βηρῒναν
1392 1722 1708 1804 ἐξώρισεν.
1799 1722 1838 1786 ὁ
1873 1727 2028 1807 γοῦν
2056 1722 2434 1797 Βασιλίσκος
2474 1729 2583 1793 εἴτε

340 1824 435 1896 ὡς
489 1826 723 1909 εἴρηται
781 1822 886 1889 εἴτ’
941 1824 1151 1897 ἄλλως
1203 1823 1305 1889 ἐπὶ
1351 1823 1470 1889 δύο
1515 1826 1908 1910 τυραννήσας
1953 1825 2272 1898 ἐνιαυτοὺς
2318 1827 2580 1896 διώλετο.

106 1970 111 1976 .
160 1938 215 1996 1)
251 1940 322 1996 22
527 1925 625 1994 Οὗ
670 1933 1053 2012 κρατοῦντος
1101 1926 1478 2013 ἐμπρησμὸς
1532 1927 1601 1993 ἔν
1645 1927 2299 1996 Κωνσταντινουπόλει
2352 1933 2579 2016 ἐγένετο
2599 1944 2658 1999 15

338 2032 646 2117 μέγιστος,
694 2031 767 2096 ἐκ
798 2037 928 2097 τῶν
957 2031 1471 2115 Χαλκοπρατίων
1509 2031 1867 2117 ἀρξάμενος
1895 2032 2002 2098 καὶ
2031 2035 2233 2099 πάντα
2270 2035 2343 2100 τὰ
2389 2060 2576 2121 προσ-

340 2141 457 2220 εχῆ
499 2136 740 2207 τούτοις
784 2135 1081 2221 νεμηθεὶς
1125 2134 1233 2201 καὶ
1279 2136 1765 2221 ἀποτεφρώσας,
1820 2136 1930 2207 τάς
1983 2161 2046 2201 τε
2092 2142 2221 2203 τῶν
2267 2139 2582 2225 δημοσίων

341 2343 376 2399 2
412 2345 488 2400 ὅτι
528 2343 826 2416 ἐπανῆλθεν
860 2346 893 2399 ὅ
927 2346 1065 2410 (om.
1094 2344 1166 2411 Ε)
1201 2345 1395 2417 Ζήνων
1439 2345 1515 2407 εἰς
1551 2343 1613 2401 τὰ
1648 2345 1888 2417 βασίλεια
1925 2344 2018 2401 καὶ
2039 2344 2073 2400 δ
2095 2347 2414 2410 Βασίλισκος
2448 2349 2579 2427 ἑάλω

340 2416 430 2472 καὶ
466 2417 741 2489 διεφθάρη
782 2416 879 2473 ΟΕ
1182 2417 1251 2473 15
1285 2418 1406 2489 περὶ
1443 2425 1535 2473 τοῦ
1573 2420 1710 2482 (0111.
1750 2417 1822 2483 Ε)
1857 2416 2178 2488 ἐμπρησμοῦ
2219 2422 2493 2492 γενομένου
2527 2422 2580 2478 ἐν

343 2497 449 2550 τοῖς
484 2492 698 2560 χρόνοις
735 2497 827 2545 τοῦ
853 2490 1201 2557 Βασιλίσκου,
1239 2489 1337 2562 ὑφ’
1374 2490 1442 2546 οὗ
1476 2490 1570 2580 καί
1607 2491 1640 2562 ἡ
1675 2490 1731 2561 (ἦ
1762 2505 1877 2580 οη).
1906 2488 1968 2559 C,
2005 2492 2207 2560 ὅμαρος
2237 2493 2352 2563 Wo,
2391 2496 2579 2564 ὅμηρος

345 2561 504 2627 Duc)
540 2561 597 2616 ἐν
623 2569 686 2632 τῇ
708 2562 960 2633 βασιλικῇ
994 2562 1327 2634 βιβλιοθήκῃ
1366 2561 1585 2633 ἐφθάρη
1624 2562 1921 2633 (διεφθάρη
1952 2563 2075 2631 Wo)
2116 2562 2212 2619 ΟΕ

446 2757 483 2814 2
519 2757 819 2831 ταγμάτων]
858 2758 1114 2829 άρμάτων
1147 2757 1195 2814 Β
1340 2758 1377 2817 8
1409 2780 1554 2833 παρα
1590 2759 1659 2825 (Β.
1699 2763 1850 2826 ace.)
1888 2758 1936 2816 Ε
2079 2759 2115 2815 4
2151 2759 2244 2816 καὶ
2285 2775 2396 2818 om.
2434 2758 2577 2833 pr

447 2830 484 2885 6
518 2832 909 2886 κωνσταντίνου
949 2830 1053 2886 Rw
1081 2848 1096 2885 ›
1315 2831 1365 2888 7.
1403 2832 1439 2886 8
1473 2830 1872 2902 προςπέφευγεν
1912 2834 2048 2903 post
2082 2833 2292 2888 παίδων
2330 2831 2472 2903 pr

353 2934 357 2939 ·
447 2903 484 2957 8
521 2907 658 2973 post
736 2901 951 2963 υναικὸς
1001 2918 1036 2957 n
1085 2902 1140 2959 (l.
1188 2901 1351 2958 αὐτοῦ
1389 2902 1439 2958 Ε
1587 2902 1655 2957 10
1687 2909 1889 2973 πΰργον
1925 2901 2149 2975 Apr,
2204 2903 2402 2974 πύργον
2438 2897 2576 2969 CDi,

450 2989 508 3029 v.
544 2973 626 3029 ad
723 2972 808 3028 111
845 2973 897 3043 3,
937 2974 1004 3028 19
1185 2973 1254 3029 12
1289 2973 1380 3029 καὶ
1419 2989 1536 3030 om.
1575 2973 1728 3045 pr
1916 2975 1983 3030 13
2017 2976 2246 3047 βηρίναν
2283 2971 2576 3044 AllwpDae‘,

451 3060 605 3102 corr.
632 3046 817 3114 B·W,
856 3061 912 3101 V.
940 3045 1021 3100 ad
1050 3061 1107 3118 p.
1131 3046 1251 3113 123,
1275 3045 1342 3101 17
1493 3045 1575 3103 13.
1619 3045 1686 3101 14
1721 3045 1803 3101 ἐπὶ
1840 3046 1939 3101 δύο
1972 3047 2300 3118 τυραννήσας
2323 3043 2578 3105 ἐνιαυτοὺς

447 3118 551 3171 εἴτε
586 3118 663 3178 ὥς
698 3119 896 3188 εἴρηται
934 3119 1038 3172 εἴτε
1077 3139 1196 3178 πως
1233 3117 1409 3178 ἄλλως
1446 3117 1665 3172 διώλετο
1704 3117 1852 3188 pr
2067 3118 2136 3173 15
2203 3119 2349 3189 ἑγονε
2386 3117 2576 3185 Dsswp

453 3189 521 3243 16
555 3190 967 3259 χαλκοπρατίων
1003 3188 1127 3260 AR,
1164 3190 1599 3261 χαλκοπρατείων
1637 3187 1896 3261 prDl'‚
1944 3206 2000 3247 v.
2030 3189 2154 3259 ‚XII
2226 3192 2308 3260 18,
2351 3189 2431 3243 19.
2477 3185 2578 3243 XV

446 3261 499 3331 3,
542 3263 623 3318 13.
663 3260 802 3317 XVI
828 3262 914 3331 27,
951 3261 1003 3318 4.
1043 3261 1217 3319 Cedr.
1245 3260 1273 3317 I
1300 3279 1357 3333 p.
1376 3262 1501 3332 616,
1537 3261 1573 3317 4
1719 3262 1804 3317 16.
1847 3261 1913 3317 17
1951 3264 2154 3324 τούτοις
2188 3270 2419 3333 προςεχῆ
2440 3260 2576 3329 pr

251 3464 321 3520 14
340 3464 535 3517 erunt.
599 3458 720 3517 Sed
740 3459 1066 3517 Basiliscus
1087 3461 1471 3518 Harmatium
1497 3476 1674 3517 suum
1702 3461 2133 3518 consobrinum
2161 3472 2298 3517 cum
2316 3460 2579 3516 Thraciis

254 3535 321 3592 15
338 3533 686 3604 legionibus
713 3540 928 3588 contra
956 3533 1258 3589 Zenonem
1287 3535 1493 3605 mittit3
1534 3535 1638 3605 qui
1681 3549 1819 3589 cum
1859 3534 1913 3589 ei
1954 3534 2033 3589 ad
2060 3534 2345 3600 Nicaeam
2384 3547 2579 3588 oecur-

338 3606 534 3673 risset,
592 3607 854 3676 pecunia
905 3612 1230 3677 corruptus
1279 3613 1467 3677 atque
1517 3608 1769 3676 insuper
1816 3608 1999 3662 etiam
2046 3607 2440 3677 promissione
2484 3602 2577 3657 ad·

338 3676 561 3732 (luctus
600 3677 703 3732 filii
744 3679 876 3733 cius
900 3677 1173 3734 Basilisci
1200 3678 1480 3734 Caesaris
1508 3678 1871 3749 designandi
1901 3678 1981 3733 ad
2008 3678 2308 3735 Zenonem
2334 3675 2576 3733 transiit.

252 3752 320 3808 16
339 3748 489 3805 Inde
528 3749 574 3806 C
621 3749 760 3805 olim
812 3751 1123 3821 profectus
1161 3750 1323 3807 Zeno
1373 3757 1658 3822 receptus
1691 3756 1800 3807 *est
1851 3756 1910 3806 et
1952 3766 1996 3806 a
2041 3756 2259 3806 senatu
2304 3755 2364 3806 et
2406 3764 2443 3804 a
2480 3762 2575 3818 po·
2624 3793 2629 3799 .

252 3826 319 3882 17
339 3821 502 3894 pulo.
629 3822 903 3877 asiliscus
950 3828 1170 3893 autem,
1229 3823 1333 3894 qni
1381 3824 1443 3878 in
1491 3823 1807 3879 ecclesiam
1859 3839 1997 3879 cum
2044 3838 2239 3879 uxore
2285 3827 2344 3877 et
2381 3819 2572 3876 liberis

252 3898 320 3954 18
338 3894 720 3965 confugerat,
778 3895 1195 3951 incolumitate
1251 3897 1548 3966 promissa
1605 3897 1755 3951 exiit
1811 3901 1871 3951 et
1926 3896 1990 3951 in
2040 3895 2349 3951 castellnm
2396 3890 2573 3964 quod·

338 3966 480 4023 dam
520 3967 823 4024 abductus
861 3972 967 4035 cst,
1015 3967 1120 4022 ubi
1161 3967 1384 4023 dicitur
1423 3969 1485 4023 in
1525 3969 1738 4023 turrim
1776 3968 2049 4024 inclusus
2088 3983 2223 4023 cum
2264 3964 2574 4022 carissimis

253 4042 319 4098 19
339 4040 501 4095 same
552 4040 821 4111 periisse.
894 4038 1012 4094 Alii
1063 4055 1210 4095 vero
1259 4041 1321 4095 in
1369 4039 1735 4095 abducendo
1776 4057 1881 4096 eos
1921 4041 2154 4096 occisos
2192 4055 2324 4095 esso
2361 4039 2574 4093 dicunt.

248 4111 500 4170 ⁴20ch0
552 4117 756 4167 autem
808 4113 1085 4182 reginam
1144 4127 1390 4182 quoque
1434 4112 1734 4181 Vei-inam,
1791 4121 2033 4168 socrum
2091 4128 2280 4181 suam,
2337 4108 2575 4180 expulit.

249 4186 312 4241 21
341 4183 665 4239 Basiliscus
703 4185 908 4254 igitur,
947 4197 1084 4238 cum
1124 4183 1510 4255 tyrannidem
1550 4186 1845 4241 tenuisset
1884 4184 1995 4256 por
2028 4184 2182 4241 duos
2209 4197 2415 4251 annos,
2453 4181 2576 4236 sive

338 4256 423 4311 ita
461 4261 528 4312 ut
568 4255 795 4312 dictum
835 4262 943 4326 est,
982 4257 1114 4312 sive
1153 4256 1329 4312 aliter
1368 4257 1563 4328 periit.

249 4329 319 4387 22
517 4327 603 4384 Eo
644 4327 994 4385 dominante
1034 4328 1381 4385 incendium
1423 4327 1592 4401 Cpoli
1636 4330 1860 4386 sactum
1902 4334 1992 4386 est
2030 4328 2382 4399 innxhnunn„
2421 4319 2574 4397 quod
