2870 4966
441 284 602 376 '210
753 304 757 309 ’
916 366 919 370 Α
1098 309 2141 387 zoNAn.m²1'1·.x1v1‹3,s-2s.

441 505 477 563 9
495 501 776 587 σιφῶντα
830 497 1164 587 κατέφυγε.
1259 497 1708 587 διαβληθέντας
1766 496 1834 565 ἀὲ
1878 495 2043 585 πρὸς
2088 495 2281 567 αὐτὸν
2324 504 2436 567 τοῦ
2481 500 2721 592 dmgma-

492 600 737 688 τρόπου
782 600 1136 689 Σαρβάρου
1182 599 1278 675 ὥς
1320 600 1395 697 τὰ
1441 605 1571 669 τῶν
1614 599 1951 689 Ῥωμαίων
1995 606 2404 689 φρονοῦντος,
2451 602 2622 694 αὐτῷ
2663 609 2723 680 ὑὲ

493 704 1012 792 λοιὸορουμένου,
1059 703 1384 772 ἐπιστέλλει
1417 712 1512 790 τῷ
1542 705 2001 792 ὑποστρατήγῳ
2031 704 2227 770 αὐτοῦ
2257 703 2366 773 τὸν
2396 705 2724 797 Σάρβαρον

208 802 211 805 “
261 836 264 839 ·
365 884 369 888 ,
411 814 480 873 10
496 808 745 875 ἀνελεῖν.
833 814 946 874 τοῦ
994 808 1064 874 ἀὲ
1108 807 1220 893 τὴν
1266 807 1592 894 ἐπιστολὴν
1620 808 1850 893 ταύτην
1878 808 2252 894 κομίζοντος
2282 808 2349 873 ἐν
2376 817 2471 895 τῷ
2490 811 2724 882 Ιἀπιέναι

496 912 966 998 συλληφθέντας
994 911 1170 996 παρὰ
1201 911 1673 997 Ῥωμαίωνκαὶ
1704 911 2103 996 ἀπαχθέντος
2142 911 2229 983 εἰς
2272 909 2344 976 τὸ
2375 912 2766 1006 Βυζάντιον,5

385 1007 391 1019 ’
498 1016 744 1101 γνόντες
798 1015 873 1081 τὰ
932 1016 1000 1080 ἔν
1048 1021 1096 1080 ἀ
1105 1016 1215 1101 ὗτῇ
1271 1016 1674 1099 γεγραμΙ-ιένα
1740 1015 1801 1079 οἱ
1862 1019 1991 1080 τῶν
2051 1019 2290 1080 ’κοινῶν
2351 1018 2781 1102 πραγμάτωνΙ)
2798 1039 2854 1097 111;

499 1120 800 1204 ὀιοικηταὶ
854 1119 1166 1210 στέλλουσι
1217 1120 1450 1204 ,ταύτην
1503 1118 1610 1183 καὶ
1664 1117 1773 1184 τὸν
1826 1118 2020 1205 αὐτῆς
2075 1117 2380 1204 κομιστὴν
2430 1110 2590 1202 πρὸς
2629 1123 2724 1189 τόν

410 1223 872 1309 11Σάρβαρον·
939 1223 1049 1290 καὶ
1093 1224 1166 1294 ὃς
1210 1222 1284 1287 τά
1333 1223 1734 1307 γεγραμμένα
1782 1222 2092 1308 ἀναγνοὺς
2136 1222 2243 1287 καὶ
2288 1228 2400 1288 τοῦ
2446 1246 2722 1310 γραμμα.

421 1334 477 1391 D
496 1327 780 1414 τοφόρου
824 1327 1193 1413 πυθόμενος
1236 1326 1345 1393 καὶ
1387 1323 1630 1412 μαθὼν
1674 1326 1786 1412 τὴν
1834 1328 2098 1411 γνώμην
2142 1326 2469 1411 Χοσρόου,
2527 1329 2724 1412 ἑτέραν
2757 1327 2766 1336 ’
2798 1404 2801 1407 ,

495 1432 739 1497 πλάττει
784 1426 1128 1516 ἐπιστολήν,
1183 1431 1566 1497 κελεύουσαν
1611 1430 1803 1499 αὐτόν
1845 1455 1910 1495 τε
1954 1431 2061 1496 καὶ
2104 1430 2377 1503 πολλοὺς
2421 1432 2725 1515 σατράπας
2740 1444 2823 1500 10-

411 1543 480 1599 12
497 1535 906 1621 ἀναιρεθῆναι
968 1535 1077 1601 καὶ
1138 1534 1284 1606 τοὺς
1345 1540 1458 1599 τοῦ
1522 1531 1982 1619 στρατεύματος
2036 1533 2453 1619 προῦχοντας.
2541 1537 2724 1602 πείθει

500 1639 569 1704 δὲ
614 1639 722 1704 καὶ
774 1639 884 1704 τὸν
935 1638 1049 1724 τὴν
1102 1638 1427 1722 ἐπιστολὴν
1482 1644 1594 1703 τοῦ
1640 1637 1946 1721 Χοσρόου
2003 1638 2347 1723 κομίσαντα
2402 1638 2593 1723 λέγειν
2644 1640 2724 1706 ὅτι

413 1751 480 1806 13
495 1742 671 1827 παρὰ
717 1741 1024 1826 Χοσρόου
1068 1743 1298 1826 ταύτην
1355 1740 1540 1827 ἔλαβε
1596 1740 1708 1826 τὴν
1766 1742 2105 1826 ἐπιστολήν.
2197 1740 2572 1826 συναγαγὼν
2623 1742 2724 1810 οὖν

495 1846 642 1918 τοὺς
686 1851 815 1910 τῶν
858 1830 1194 1929 ταγμάτὼν
1239 1845 1735 1929 ἡγεμονεύοντας
1780 1844 1847 1909 ἐν
1892 1845 2155 1931 ἐπηκόῳ
2184 1845 2441 1912 πάντων
2468 1844 2578 1932 τὴν
2607 1847 2721 1913 ἐπι-

412 1957 480 2015 14
497 1949 722 2035 στολὴν
775 1949 1264 2036 ἀναγνωσθῆναι
1315 1946 1640 2033 πεποίηκε.
1731 1947 1950 2033 θυμοῦ
2003 1948 2209 2014 τοίνυν
2259 1948 2632 2035 πλησθέντες
2673 1951 2725 2017 οἱ
2740 1955 2790 2013 15

496 2057 626 2118 τῶν
655 2052 993 2138 ταγμάτων
1024 2051 1391 2136 ἐξάρχοντες
1412 2056 1595 2136 κοινῇ
1620 2051 1954 2117 συνέθεντο
1976 2058 2071 2137 τῷ
2091 2050 2335 2139 βασιλεῖ
2347 2052 2721 2137 προσελθεῖν.

412 2165 480 2223 15
667 2155 808 2222 Ἐπὶ
860 2155 1102 2227 τούτοις
1155 2154 1263 2221 καὶ
1318 2153 1531 2239 ἔτερόν
1586 2178 1640 2218 τι
1702 2156 2123 2242 συμβέβηκεν,
2188 2156 2226 2221 ὃ
2279 2154 2388 2222 τὸν
2440 2155 2725 2243 Χοσρόην

499 2355 521 2408 1
567 2355 715 2414 ὅπως
750 2353 784 2408 ὅ
817 2350 1217 2422 ἀρχισατράπης
1254 2332 1541 2423 Σάρβαρος
1576 2349 1670 2406 καὶ
1705 2350 1762 2405 οἱ
1791 2349 1907 2420 μετ’
1943 2350 2107 2409 αὐτοῦ
2145 2359 2221 2422 τῷ
2246 2351 2457 2424 βασιλεῖ
2471 2352 2722 2423 προσεχῶ·

494 2446 665 2499 ρησαν
703 2423 799 2483 OE
1027 2424 1092 2480 17
1130 2425 1277 2483 ὅπως
1312 2423 1457 2494 παρὰ
1492 2430 1583 2478 τοῦ
1619 2424 1739 2479 υῖοῢ
1775 2423 1937 2479 αὐτοῦ
1974 2425 2007 2478 ὅ
2041 2425 2292 2497 Χοσρόης
2327 2425 2606 2497 καθῃρέθη
2642 2432 2722 2496 τῆς

493 2500 762 2573 βασιλείας
798 2496 890 2553 καὶ
926 2497 1167 2569 ἀνῃρέθη
1208 2496 1303 2553 OE

603 2661 639 2718 2
675 2666 780 2716 τῶν
820 2676 935 2717 om.
974 2659 1030 2716 D
1174 2660 1209 2716 3
1247 2663 1390 2716 anto
1425 2666 1504 2730 τῷ
1542 2659 1680 2716 add.
1718 2658 1865 2728 αὐτῷ
1905 2656 1950 2715 O
2093 2657 2131 2713 4
2165 2661 2478 2733 κομίξοντος
2517 2659 2640 2729 (sic)
2673 2658 2719 2715 A

604 2735 636 2791 7
675 2734 866 2804 ταύτην
912 2733 1004 2788 καὶ
1051 2730 1202 2803 Awp
1262 2733 1396 2798 (Wo
1445 2733 1636 2803 igitur
1686 2734 2039 2788 coniectura
2090 2731 2326 2788 invenit
2378 2734 2719 2805 scripturam

603 2810 871 2873 rectum),
911 2806 1002 2860 καὶ
1041 2805 1231 2875 ταύτην
1268 2805 1333 2875 Ε,
1370 2805 1627 2876 κάκείνην
1664 2804 1713 2860 Ο
1858 2805 1893 2859 8
1930 2811 2022 2858 τοῦ
2057 2824 2138 2874 γρ.
2169 2833 2234 2846 —-
2262 2805 2297 2859 9
2332 2806 2510 2876 ἑτέραν
2548 2821 2654 2860 om.
2678 2804 2720 2859 Ε

602 2880 637 2935 9
672 2879 982 2949 πυθομένου
1022 2877 1068 2932 Β
1212 2881 1443 2948 χοσρόον
1475 2877 1547 2943 Ι),
1584 2894 1736 2933 corr.
1759 2877 1862 2938 Dw
2009 2876 2078 2932 10
2111 2877 2431 2934 κελεύουσαν
2451 2908 2518 2919 -·
2541 2878 2605 2934 13
2626 2878 2719 2931 ἑπι-

602 2952 789 3022 στολήν
810 2967 925 3008 om.
947 2949 1001 3005 D
1029 2951 1131 3006 Wo
1151 2948 1250 3005 lat.
1365 2951 1435 3005 10
1455 2956 1592 3022 post
1609 2948 1835 3011 πολλοὺς
1856 2948 1994 3005 add.
2016 2949 2225 3022 ἑτέρους
2246 2949 2490 3022 BCEwp
2597 2954 2720 3021 post

601 3024 867 3094 σατράπας
906 3023 1046 3078 add.
1083 3021 1172 3077 καὶ
1209 3023 1519 3094 χιλιάρχους
1559 3022 1803 3093 BCEwp
2002 3022 2064 3077 ll
2105 3030 2197 3078 τοῦ
2235 3022 2487 3094 prDi,
2531 3038 2638 3078 om.
2672 3020 2720 3076 A

605 3097 670 3153 14
709 3103 853 3153 ante
890 3094 1009 3157 τοὺς
1047 3094 1186 3151 add.
1222 3096 1419 3156 πάντας
1459 3095 1503 3152 C
1600 3099 1603 3102 ’
1718 3102 1825 3150 τῶν
1865 3110 1979 3150 om.
2018 3094 2074 3149 D
2290 3096 2546 3166 ἡγεμόνας
2581 3094 2627 3150 O

672 3170 902 3239 ὑπηκόῳ
935 3169 943 3234 Ι
978 3168 1023 3224 O
1161 3166 1376 3223 πάντων
1417 3184 1531 3224 om.
1566 3166 1614 3224 O
1764 3167 1830 3223 15
1864 3168 2126 3237 πεποίηκε
2163 3165 2416 3239 prDz’,
2451 3169 2721 3236 πεποίηκεν

602 3241 674 3312 A,
715 3258 770 3297 V.
810 3240 893 3300 ad
930 3240 1075 3295 XllI
1116 3239 1166 3308 l,
1202 3242 1237 3296 5
1395 3242 1461 3296 16
1495 3241 1706 3313 βασιλεῖ
1732 3240 2042 3310 προςελθεῒν
2078 3239 2300 3311 AEwp‚
2337 3248 2443 3295 τῶν
2479 3240 2720 3310 ῥωμαίων

599 3314 809 3387 βασιλεῖ
834 3313 1145 3383 προςελθεῖν
1171 3311 1293 3382 CD,
1329 3320 1439 3369 τῶν
1463 3313 1721 3384 ῥωμαίων
1743 3312 2053 3383 προςελθεῖν
2075 3313 2285 3383 βασιλεῖ’
2314 3312 2362 3366 Β
2508 3312 2572 3368 17
2607 3312 2660 3371 ὃς
2679 3309 2720 3364 Ε

439 3493 793 3555 ΘΟΙιοειὌοε
833 3491 1282 3564 Ctesiphontem
1322 3494 1618 3565 confugit,
1659 3492 1984 3565 delatoque
2005 3490 2270 3549 Sal-baro
2306 3493 2737 3563 archisatrapa,

495 3569 669 3641 quasi
711 3582 848 3622 cum
885 3565 1173 3622 Romanis
1212 3566 1546 3622 colluderet
1582 3573 1641 3621 et
1678 3566 1793 3637 ipsi
1832 3566 2298 3635 conviciaretur,
2337 3564 2539 3637 legato
2576 3564 2719 3620 illius

408 3639 478 3698 10
494 3640 718 3710 scribit,
757 3644 827 3694 ut
863 3635 1196 3694 Sarbarum
1237 3638 1421 3694 tollat.
1497 3636 1616 3694 Sed
1655 3638 1971 3695 tabellario
2023 3638 2085 3694 in
2123 3638 2339 3695 itinere
2377 3653 2414 3692 a
2452 3635 2719 3693 Romanis

423 3726 427 3731 ·
495 3711 754 3784 excepto
794 3727 866 3767 ac
904 3710 1266 3780 Byzantium
1320 3710 1632 3782 perducto,
1687 3712 2080 3782 magistratus
2120 3710 2307 3766 lectas
2343 3710 2571 3767 litteras
2607 3721 2718 3763 una

408 3785 471 3843 11
496 3802 633 3841 cum
673 3783 988 3840 tabellario
1038 3783 1116 3838 ad
1155 3782 1486 3840 Sarbarum
1526 3784 1787 3839 mittunt.
1863 3783 1920 3838 Is
1976 3784 2131 3838 lecta
2169 3783 2424 3854 epistola
2462 3788 2521 3838 ct
2558 3780 2720 3837 Chos-

495 3873 642 3913 roae
686 3857 988 3912 sententia
1038 3872 1073 3912 e
1112 3855 1427 3932 tabellario
1478 3856 1725 3926 cognita
1764 3855 2016 3914 alteram
2075 3855 2390 3927 epistolam
2428 3852 2720 3922 contingit,

496 3946 618 4003 qua
657 3928 955 3985 Chosrocs
993 3928 1266 4000 imperet,
1322 3934 1390 3983 ut
1428 3932 1489 3984 et
1544 3929 1673 3999 ipsc
1711 3926 2014 3984 Sar-barus
2052 3935 2111 3983 et
2150 3929 2318 3984 multi
2357 3932 2633 3998 satrapae
2667 3927 2720 3977 ct

409 4003 477 4060 12
496 4003 802 4060 exercitus
853 4000 1040 4058 duces
1098 4006 1412 4057 nocentur.
1487 3998 1642 4055 Tum
1700 4006 2021 4071 postquam
2064 3998 2369 4058 Chosroae
2420 3995 2718 4055 tabellario

496 4076 816 4149 persuasit,
855 4081 921 4129 ut
960 4075 1116 4132 hanc
1137 4074 1451 4146 epistolam
1475 4075 1807 4128 affirmaret
1843 4074 1957 4128 sibi
1980 4073 2183 4127 datam
2228 4088 2360 4128 csse
2398 4070 2718 4135 aChosroc,

408 4149 476 4205 13
497 4165 629 4204 eam
670 4151 1021 4205 convocatis
1060 4148 1318 4205 tribunis
1357 4151 1418 4200 ct
1457 4146 1915 4201 centurionibus
1954 4160 2157 4206 coram
2187 4146 2464 4201 omnibus
2486 4143 2719 4197 recitan-

411 4222 478 4278 14
498 4221 637 4277 dam
675 4225 864 4276 curat.
941 4221 1115 4277 Unde
1162 4220 1351 4276 duces
1398 4217 1717 4274 iracundia
1755 4219 2107 4273 inflammati
2147 4218 2449 4274 com-muni
2486 4212 2717 4271 consilio

496 4293 576 4349 ad
615 4308 821 4362 regem
859 4308 923 4349 se
963 4296 1242 4350 conscrrc
1279 4297 1643 4349 statuerunt.
2257 4293 2260 4297 ’

411 4366 477 4424 15
675 4366 817 4423 Post
856 4365 1007 4432 hacc
1046 4367 1225 4422 etiam
1264 4365 1520 4423 alterum
1563 4362 1851 4436 quiddam
1881 4362 2102 4420 accidit
2128 4362 2207 4419 ad
2229 4361 2531 4420 chosroae
2558 4361 2718 4415 inter·
