2870 4966
425 267 461 326 Β
997 261 1272 326 ZONAR.
1307 264 1512 327 EPI'r.
1548 264 1695 325 XIII
1734 266 1781 338 1,
1820 264 2015 337 23-2,
2052 264 2103 325 5.

335 454 406 515 524
424 454 655 542 τρίβειν
710 452 1059 522 ίδιωτεύων
1110 450 1439 519 κελεύεται.
1529 450 1639 519 καὶ
1685 450 1723 520 ό
1765 451 1885 540 μὲν
1936 453 2133 521 ἐκεῖσε
2187 451 2427 540 διῆγεν·
2498 451 2562 519 ol
2605 451 2680 520 δέ
2733 505 2738 511 .

422 581 496 647 γε
540 563 907 644 στρατιῶται
950 557 1217 645 ᾐτιῶντο
1261 553 1333 623 τὸ
1379 555 1703 633 σώζεσθαι
1737 556 1851 628 τὸν.
1876 556 2213 641 Λικίννιον,
2259 550 2519 624 ἄπιστον
2548 579 2675 645 φα-

424 663 602 757 νέντα
647 660 948 735 πολλάκις
989 659 1101 729 ’καὶ
1144 660 1523 749 παραβάτην
1567 665 1697 728 τῶν
1727 661 2101 759 συνθηκῶν·
2152 658 2252 751 διὸ
2282 659 2390 728 καὶ
2418 666 2495 749 τῇ
2524 683 2675 747 συγ-

425 763 639 852 κλήτῳ
703 762 806 831 διὰ
872 763 1268 852 γραμμάτων
1320 768 1434 830 τοῦ
1487 763 1800 852 βασιλέως
1847 764 1887 853 ἡ
1933 763 2075 851 περὶ
2127 764 2353 833 τούτου
2410 764 2675 854 ἀνετέθη

332 871 406 931 25
422 867 647 956 βουλή.
683 857 686 863 ’
740 866 895 942 τινὲς
946 866 1067 955 μὲν
1121 864 1237 934 οὖν
1290 872 1418 940 τοῖς
1474 867 1875 952 στρατιώταις
1929 868 2269 956 ἔ-νδοθῆναι
2327 866 2503 956 παρὰ
2567 874 2677 957 τῆς
2696 868 2731 928 ὃ

425 971 756 1058 γερουσίας
801 971 1139 1058 ἱστόρησαν
1183 972 1221 1037 ὃ
1268 971 1440 1057 σφίσι
1490 972 1671 1039 δοκεῖ
1709 971 1828 1061 ἐπὶ
1852 979 1946 1058 τῷ
1978 971 2280 1059 Λικιννίῳ
2328 973 2677 1058 διαπράξα-

426 1076 598 1159 σθαι,
672 1075 1007 1159 κάκείνους
1061 1074 1130 1140 ἕν
1193 1073 1621 1162 Θεσσαλονίκη
1683 1075 1876 1142 αὐτὸν
1933 1064 2265 1162 ἄναιρῆσαι
2321 1080 2360 1164 ἢ
2416 1077 2681 1162 πλησίον

333 1184 406 1243 26
424 1179 698 1264 Σερρῶν
752 1179 1013 1245 ἀπιόντα
1069 1203 1198 1244 ποι.
1292 1178 1467 1245 ἄλλοι
1524 1179 1593 1244 δὲ
1648 1179 1799 1244 οὐδὲ
1865 1179 1931 1245 ἐν
1994 1178 2421 1266 Θεσσαλονίκῃ
2488 1178 2681 1246 αὐτόν

290 1352 294 1359 ,
335 1362 339 1367 .
424 1306 580 1368 φασι
636 1282 1026 1368 διατρίβοντα
1084 1284 1413 1368 ἠρεμῆσαι,
1484 1284 1819 1367 τυραννίδα
1870 1284 1939 1350 δὲ
1984 1283 2272 1369 μελετᾶν·
2342 1283 2450 1351 καὶ
2491 1289 2694 1350 τοῦτο·

426 1387 650 1472 γνόντα
697 1385 806 1453 τὸν
848 1387 1106 1473 βασιλέα
1156 1385 1636 1453 Κωνσταντῒνον
1691 1386 1914 1453 στεῖλαι
1967 1387 2115 1460 τοὺς
2169 1386 2362 1453 αὖτόν
2415 1388 2678 1474 ἀναιρή-
2704 1388 2771 1448 10

425 1514 668 1563 σοντας.
1963 1496 1967 1503 ’

257 1600 309 1662 C
335 1603 405 1660 27
604 1594 865 1680 Λέγεται
913 1596 983 1661 δὲ
1029 1596 1097 1661 ἔν
1140 1601 1273 1668 ταῖς
1317 1594 1483 1679 πρὸς
1528 1594 1721 1662 αὐτὸν
1771 1596 2008 1681 μάχαις
2052 1599 2093 1682 ἢ
2139 1602 2272 1670 ταῖς
2315 1596 2481 1680 πρὸς
2524 1595 2679 1662 Ma-

361 1741 365 1745 .
427 1700 660 1775 ξέντιον
717 1699 1086 1765 Ιθεάσασθαί
1133 1724 1264 1765 τινα
1320 1698 1433 1764 τὸν
1475 1698 1955 1765 Κωνσταντῗνον
1999 1700 2276 1785 ’ἱππότην
2321 1700 2428 1765 καὶ
2484 1701 2679 1765 ὥπλι-

426 1804 658 1888 σμένον
687 1801 796 1877 τὸν
835 1809 946 1879 τοῦ
992 1808 1268 1887 σταυροῦ
1314 1802 1513 1868 τύπον
1559 1803 1692 1868 ἀντὶ
1738 1802 2014 1887 σημαίας
2060 1802 2521 1888 ἐπιφερόμενον
2573 1803 2682 1868 καὶ

335 1914 408 1971 28
425 1913 535 1990 τῆς
580 1905 776 1970 αὐτοῦ
821 1906 1385 1990 προπορευόμενον
1429 1906 1870 1989 παρατάξεως.
1950 1906 2058 1971 καὶ
2104 1905 2294 1978 αὖθις
2340 1907 2407 1972 ἐν
2438 1904 2679 1990 Ἀδρια-
2703 1907 2767 1965 15

424 2007 715 2074 νουπόλει.
772 2009 892 2074 δύο
948 2010 1272 2094 ὤφθησαν
1327 2009 1506 2093 αὐτῷ
1561 2009 1793 2074 νεανίαι
1849 2008 1958 2081 τιὶς
2011 2014 2140 2075 τῶν
2187 2008 2484 2075 ἐναντίων
2531 2033 2679 2096 συγ-

424 2111 759 2184 κόπτοντες
805 2111 1156 2198 φάλαγγας.
1250 2112 1356 2178 καὶ
1401 2112 1544 2196 περὶ
1589 2111 1661 2177 τὸ
1694 2112 2045 2189 Βυζάντιον
2083 2113 2152 2179 δὲ
2183 2112 2410 2185 νυκτὸς
2440 2114 2680 2179 καθευ-

370 2232 376 2241 ·
428 2214 671 2282 δόντων
700 2214 1000 2282 ἁπάντων
1031 2220 1178 2301 φῶς
1209 2215 1413 2301 ὤφθη
1448 2216 1626 2301 abusi
1654 2215 2135 2303 περιαστράψαν
2165 2214 2274 2282 τὸν
2303 2219 2415 2281 τοῦ
2448 2216 2682 2282 οἰκείου

429 2465 498 2524 12
529 2465 649 2541 περὶ
685 2462 953 2526 ἁττασιῶν
989 2473 1066 2540 τῷ
1101 2465 1319 2541 μεγάλῳ
1358 2465 1745 2540 Κωνσταντίνῳ
1783 2471 2055 2541 φανεισῶν
2091 2464 2188 2526 ΟΕ

536 2704 567 2761 1
605 2705 727 2762 ἕκεΐ
756 2704 805 2762 Β
933 2704 970 2761 2
1006 2711 1099 2761 τοῦ
1118 2705 1386 2770 σώζεσθαι
1413 2704 1479 2773 Ε,
1518 2705 1786 2770 σώζεσθαι
1809 2704 1963 2778 pr
2092 2705 2127 2772 5
2164 2705 2458 2777 ἐκδοθῆναι
2480 2702 2682 2775 wap

533 2776 582 2834 5.
604 2779 639 2834 6
676 2785 767 2851 τῆς
787 2799 834 2849 γ.
857 2775 1111 2849 prDi‚
1151 2786 1257 2838 τοῖς
1276 2799 1324 2848 γ.
1345 2775 1399 2832 Α
1473 2779 1508 2836 7
1547 2785 1684 2849 post
1708 2777 1869 2835 αὐτὸν
1889 2777 2028 2834 add.
2050 2778 2183 2878 φασὶ
2204 2776 2399 2850 13pr
2421 2781 2499 2843 (v.
2525 2776 2681 2845 vs.9)

535 2849 585 2906 7.
622 2850 1030 2922 ἀναιρῆσαι-9
1055 2851 1389 2923 διατρίβοντα
1412 2866 1527 2907 om.
1551 2849 1598 2907 E
1694 2851 2038 2922 ἀναιρεθῆναι
2064 2887 2069 2920 ,
2097 2849 2142 2908 C
2232 2851 2266 2906 8
2303 2857 2513 2921 σερρῶν
2535 2848 2681 2919 AR„

535 2930 595 2980 et
634 2929 926 2995 quattuol·
963 2922 1028 2993 P,
1067 2929 1287 2993 σαρρῶν
1326 2922 1439 2977 Dw
1657 2923 1784 2979 οὐδὲ
1823 2940 1936 2978 om.
1978 2921 2023 2980 C
2250 2924 2452 2994 9,φασι
2492 2938 2605 2979 om.
2628 2922 2681 2977 D

534 2998 614 3061 (v.
654 3012 741 3052 vs.
782 2995 855 3066 7),
894 2996 1240 3066 transponit
1277 3001 1414 3066 post
1451 2995 1715 3067 ἠρεμῆσαι
1750 2996 1759 3065 Ι
1793 2996 1840 3052 E
1927 2999 1931 3002 *
2104 2996 2174 3052 12
2208 2995 2342 3064 πρὸς
2380 2995 2681 3061 (alterum)

533 3066 881 3140 AEwap,
916 3068 1036 3136 περὶ
1056 3067 1214 3123 town
1338 3068 1405 3123 13
1444 3067 1532 3124 τδν
1551 3085 1666 3125 oni.
1688 3067 1743 3124 D
1893 3068 1975 3124 15.
2019 3069 2087 3125 16
2124 3068 2224 3125 δύο
2244 3069 2516 3140 ὤφθησαν
2534 3067 2681 3137 αὐτῷ

533 3142 775 3269 νειΞνίαιῙ)
770 3148 908 3212 post
943 3140 1348 3211 ἅδριανουπόλει
1387 3139 1667 3211 (ἀδριάνου
1684 3142 1834 3197 πόλει
1876 3139 1945 3209 C)
1983 3139 2108 3206 AR,
2148 3147 2291 3197 ante
2333 3140 2681 3213 ἕνρδριανοῢ

533 3234 603 3269 πο
635 3234 680 3269 ει
781 3230 875 3285 wp

431 3450 820 3520 versabatur3
867 3448 1086 3505 milites
1125 3464 1271 3504 vero
1312 3450 1706 3517 accusabant,
1747 3443 1912 3519 quod
1952 3450 2161 3505 salvus
2199 3452 2358 3505 esset
2395 3446 2680 3514 Licinius,

341 3515 535 3593 25qui
573 3521 873 3593 perfidum
917 3537 1105 3593 saepe
1150 3536 1216 3576 se
1263 3522 1647 3593 praebuisset
1695 3527 1755 3577 et
1807 3521 2059 3582 foedera
2098 3521 2402 3577 violasset.
2480 3519 2682 3592 Quare

430 3595 762 3666 imperator
809 3609 943 3650 eam
990 3609 1118 3649 rem
1169 3609 1277 3663 per
1322 3593 1557 3650 litteras
1603 3592 1682 3649 ad
1733 3600 1983 3649 senatus
2021 3594 2314 3650 iudicium
2351 3592 2555 3648 refert.
2628 3587 2681 3646 A

432 3681 554 3794 guo
603 3665 702 3721 alii
750 3665 1050 3736 Licinium
1101 3664 1392 3722 militibus
1441 3665 1711 3737 ipsorum
1749 3659 2066 3722 “arbitratu
2112 3665 2501 3723 tractandum
2549 3679 2681 3720 esse

474 3739 701 3795 editum
751 3753 825 3795 ac
862 3737 1336 3796 Thessalonicae
1382 3745 1490 3796 aut
1537 3753 1730 3812 prope
1769 3735 1983 3796 Seri-as
2027 3739 2234 3795 nescio
2275 3753 2397 3810 quo
2438 3742 2683 3794 euntem

340 3806 511 3869 26ab
550 3811 663 3867 illis
702 3826 835 3868 esse
873 3810 1287 3877 interfectumz
1335 3812 1437 3867 alii
1468 3825 1637 3869 'vero
1684 3827 1765 3875 ne
1799 3816 1928 3867 tum
1967 3812 2213 3883 quidem
2253 3826 2390 3868 cum
2429 3810 2683 3868 Thessa·

344 3945 349 3951 ,
432 3883 668 3941 lonicae
719 3890 933 3954 ageret
981 3900 1119 3955 eum
1170 3885 1478 3955 quievisse
1523 3883 1735 3941 dicunt
1773 3883 1880 3940 sed
1919 3885 2305 3957 tyrannidem
2346 3882 2681 3952 affectasse,

433 3973 554 4030 quo
603 3958 851 4029 cognito
902 3973 1113 4031 reg-em
1153 3956 1616 4015 Constantinum
1659 3957 1890 4014 misisse
1930 3958 2033 4028 qui
2077 3974 2215 4014 eum
2254 3957 2681 4015 interficerent.

340 4025 413 4085 27
610 4029 840 4088 Ferunt
866 4029 1330 4096 Constantinum
1365 4032 1426 4088 in
1467 4030 1711 4104 procliis
1752 4046 1888 4088 cum
1929 4030 2029 4087 illo
2072 4031 2168 4087 vel
2209 4046 2347 4088 cum
2374 4030 2680 4088 Maxentio

435 4104 765 4161 commissis
806 4103 1029 4160 vidisse
1068 4111 1369 4162 armatum
1409 4105 1675 4175 equitem
1716 4103 2021 4176 quendam
2062 4105 2306 4176 signum
2348 4105 2546 4161 erucis
2572 4119 2681 4174 pro

340 4173 415 4232 28
434 4176 659 4234 vexillo
700 4179 999 4235 serentem
1033 4184 1092 4234 et
1132 4178 1326 4235 aciem
1365 4193 1539 4235 suam
1581 4183 2004 4250 p1·a‹›,‹·,nntem;
2044 4193 2118 4234 ac
2152 4192 2364 4234 rursus
2390 4176 2682 4234 Adriano·

435 4250 552 4322 poll
594 4249 718 4306 ‹lno
763 4250 817 4306 ei
862 4250 1231 4308 videbuntur
1278 4250 1700 4308 adolescentes
1748 4250 2245 4309 adversariorum
2295 4251 2682 4308 concidentes

416 4324 787 4397 ‚phalangem
863 4322 1011 4382 Item
1060 4325 1222 4382 eirca
1265 4324 1630 4401 Byzantium
1680 4331 1866 4382 noctu
1915 4326 2195 4382 omuibus
2244 4323 2681 4381 dormientibus
