2870 4966
449 300 560 362 842
725 386 732 395 ἢ
991 295 1270 362 zoNAR.
1309 300 1513 362 mur.
1549 300 1660 362 xv
1698 299 1787 375 22,
1823 298 2056 374 36—23‚
2097 299 2184 359 ιε.

127 494 429 554 wmnl
449 487 677 574 ἀρχήν,
735 488 811 562 ὃς
832 495 836 499 ’
858 486 938 575 δὴ
987 487 1268 576 λοχήσας
1313 486 1423 554 καὶ
1468 485 1578 555 τὸν
1620 493 1717 575 τῷ
1759 471 2054 574 τυράννῳ
2102 487 2543 575 εἷσποιηθέντα
2587 489 2721 561 υῑδν

361 655 363 658 ,
448 590 793 679 κατασχὼν
838 591 1076 659 dvenae
1122 590 1343 666 εὐθύς.
2664 607 2677 620 ·

340 696 429 765 23
542 724 545 729 ·
630 694 991 783 Γενόμενος
1038 692 1097 764 δ’
1148 697 1218 763 ἓν
1260 702 1339 783 τῇ
1392 695 1649 784 Θρᾴκῃ,
1696 697 1792 771 ὡς
1837 698 2091 783 εἴρηται,
2139 696 2178 763 δ
2232 695 2484 784 Θωμᾶς
2526 723 2719 786 προσ.

327 882 330 888 .
395 807 431 865 2
447 802 819 889 τιθεμένους
881 801 1062 888 αὐτῷ
1123 799 1272 875 τοὺς
1344 802 1715 888 ξύμπαντας
1778 791 2064 888 ἔσχηκεν.
2177 799 2370 877 αὖθις
2437 801 2553 870 οὖν
2615 814 2721 875 τοῦ

378 912 429 970 Β
446 906 762 994 βασιλέως
817 907 979 973 κατά
1029 896 1101 974 ’τε
1147 912 1265 994 γῆν
1310 907 1491 994 αὐτῷ
1539 906 1966 994 συμμίξαντος
2011 905 2121 973 καὶ
2165 906 2330 973 κατὰ
2376 907 2764 990 θάλασσαν,5

448 1010 559 1078 καὶ
603 1012 811 1098 ἄμφω
852 1009 963 1085 τὰς
994 1009 1285 1098 στρατιὰς
1317 1011 1354 1076 ὁ
1386 996 1711 1098 τύραννος·
1728 1010 2039 1098 ἐτρέψατό
2069 1035 2134 1078 τε
2165 1011 2274 1078 καὶ
2312 1011 2744 1094 διεσκέδασεν,.

448 1115 872 1203 υἱοθετήσατο,
925 1112 983 1181 δ’
1042 1117 1274 1201 ἕτερον,
1338 1122 1453 1184 τοῦ
1512 1116 1778 1202 πρώτου
1843 1117 2246 1202 κτανθέντος,
2313 1117 2410 1190 ὥς
2472 1118 2721 1206 εἴρηται,

440 1220 846 1287 Ἀναστάσιον
874 1220 995 1308 μὲν
1025 1221 1448 1307 καλούμενον,
1492 1219 1786 1308 μοναχὸν
1818 1217 1876 1286 δ’
1914 1221 2088 1306 ὄντα,
2121 1220 2230 1288 καὶ
2260 1215 2331 1288 τὸ
2361 1220 2722 1309 μὲνσχῆμα

447 1323 520 1391 τὸ
566 1325 747 1391 θεῖον
790 1325 1305 1412 ἀποδυσάμενον,
1355 1325 1584 1414 στολὴν
1631 1325 1701 1392 δὲ
1746 1325 2065 1414 κοσμικὴν
2106 1325 2820 1414 μεταμφιασάμενον.1)1]

395 1429 516 1504 Βὲς
560 1435 749 1506 τοῦτο
797 1426 856 1496 δ’
906 1428 1061 1517 ἧκεν
1108 1430 1380 1518 ἀπορίας
1411 1430 1450 1496 δ
1484 1428 1746 1518 Μιχαὴλ
1779 1430 1874 1503 ὡς
1906 1430 2173 1519 σιδηρᾶν
2211 1430 2474 1498 ἐκτεῖναι
2519 1430 2724 1516 σειρὰν
2742 1442 2791 1501 10

450 1534 520 1612 ἐξ
564 1533 985 1621 ἀκροπόλεως
1030 1536 1118 1610 είς
1163 1533 1234 1602 τὸ
1280 1529 1419 1602 κατ’
1468 1534 1805 1621 ἀντιπέραν
1849 1535 2190 1623 πολίχνιον,
2239 1529 2315 1604 ἵν’
2351 1535 2556 1624 ἄβατα
2605 1541 2726 1612 τοῖς

394 1640 561 1706 4τοῢ
619 1637 932 1725 τυράννου
990 1638 1363 1726 φυλάττοιτο
1418 1636 1495 1705 τὰ
1555 1637 1744 1713 ἐντός.
1839 1634 1971 1706 ἀλλ’
2029 1639 2067 1705 δ
2123 1638 2372 1726 Θωμᾶς
2430 1638 2599 1726 ὁμοῦ
2656 1646 2725 1731 τῇ

450 1741 627 1810 πόλει
672 1744 1030 1831 προσέβαλε
1076 1741 1237 1811 κατὰ
1288 1749 1405 1832 γῆν
1450 1767 1516 1810 τε
1562 1741 1671 1809 καὶ
1716 1740 1878 1810 κατὰ
1921 1742 2276 1830 θάλασσαν,
2323 1742 2437 1831 τὴν
2469 1744 2726 1833 σιδηρᾶν

449 1847 694 1934 ἐκείνην
748 1848 951 1935 ῥᾷστα
1015 1847 1365 1935 διαρρήξας
1422 1847 1658 1935 σειράν,
1724 1846 1834 1916 καὶ
1879 1849 2066 1935 ᾤετο,
2133 1849 2192 1916 εἰ
2229 1847 2437 1939 μόνον
2481 1849 2724 1938 φανείη,

448 1951 597 2028 τοὺς
660 1950 728 2020 ἐν
784 1959 860 2041 τῇ
919 1953 1096 2020 πόλει
1155 1950 1258 2019 διὰ
1304 1951 1418 2040 τὴν
1463 1951 1630 2040 πρὸς
1674 1949 1785 2022 τὸν
1830 1960 2185 2041 κρατοῦντα
2232 1953 2582 2040 ἀπέχθειαν
2625 1953 2720 2020 εὖ·
2741 1957 2789 2018 15

313 2059 361 2122 C
397 2060 435 2120 ὅ
453 2064 613 2146 χερῆ
659 2056 773 2145 τὴν
818 2058 1068 2125 εἴσοδον
1114 2057 1293 2144 αὐτῷ
1336 2063 1704 2144 παρασχεῖν.
1798 2059 1931 2127 ἐπεὶ
1964 2057 2021 2127 δ’
2056 2059 2469 2148 ἐρρωμένους
2500 2059 2724 2145 εὕρηκε

450 2162 601 2237 τοὺς
646 2160 822 2237 ἐντὸς
865 2162 1033 2249 πρὸς
1086 2161 1200 2249 τὴν
1255 2170 1366 2250 τῆς
1422 2163 1675 2238 πόλεως
1732 2163 2032 2251 φυλακὴν
2094 2165 2203 2232 καὶ
2266 2168 2397 2231 τῶν
2461 2163 2726 2229 ἐλπίδων

452 2265 765 2354 ἐψεύσθη,
829 2267 968 2335 τότε
1025 2267 1146 2355 μὲν
1201 2268 1575 2355 ἀνεχώρησε
1630 2267 1740 2336 καὶ
1796 2269 2086 2358 βάλλεται
2142 2268 2400 2356 χάρακα
2456 2265 2617 2334 κατὰ
2661 2265 2726 2334 τὸ

452 2376 583 2439 τῶν
629 2372 831 2440 θείων
852 2373 1271 2462 Ἀναργύρων
1320 2375 1665 2461 ἱερώτατον
1710 2375 1992 2461 τέμενος·
2040 2373 2078 2440 ὁ
2108 2373 2306 2448 τόπος
2338 2373 2408 2440 δὲ
2439 2370 2513 2439 τὰ
2545 2373 2724 2440 Παυ-

560 2657 596 2715 5
633 2680 688 2714 τε
715 2674 830 2715 om.
859 2658 928 2727 Ο,
970 2674 1028 2714 ν.
1050 2657 1130 2715 ad
1150 2657 1291 2716 XIV
1311 2659 1400 2728 21,
1423 2658 1490 2715 ll
1639 2660 1997 2731 συμμίξαντος
2027 2657 2250 2731 AEwp,
2286 2659 2660 2732 μαχεσαμένου
2680 2659 2724 2717 Ο

562 2732 596 2788 7
634 2732 997 2804 υίοθεθήσατο
1025 2731 1098 2805 p*
1127 2731 1337 2789 invitis
1361 2731 1528 2788 ARw
1663 2733 1699 2788 8
1735 2734 1861 2790 ὄντα
1898 2731 1959 2789 δὲ
1993 2732 2234 2805 μοναχὸν
2273 2733 2322 2790 Ο
2437 2735 2486 2789 8.
2510 2734 2545 2788 9
2582 2736 2725 2789 θεῖον

558 2813 741 2876 σχῆμα
778 2804 825 2859 Β
943 2804 1014 2860 10
1048 2805 1125 2866 εἷς
1164 2802 1236 2874 D,
1277 2820 1333 2861 v.
1375 2805 1456 2860 ad
1481 2803 1623 2862 XIV
1651 2804 1835 2875 12,14
1948 2806 2033 2863 10.
2074 2805 2142 2861 13
2180 2807 2410 2878 σιδηρᾶν
2446 2803 2721 2878 RsswpDz',

559 2875 787 2948 σιδηρᾶν
824 2873 979 2935 ΛΟΕ
1155 2878 1218 2933 11
1267 2898 1622 2947 κατατιπεραν
1650 2878 1905 2950 punctis
1944 2883 2225 2945 notatum
2264 2879 2313 2935 E
2488 2879 2557 2934 13
2594 2877 2724 2934 κατὰ

452 2957 456 2961 ’
560 2955 706 3007 ante
744 2949 865 3006 θαλ.
907 2965 1037 3006 om..
1064 2947 1310 3022 prDi
1513 2949 1778 3007 θάλατταν
1817 2950 1866 3006 Β
2088 2950 2156 3007 15
2194 2949 2315 3012 τοὺς
2350 2951 2408 3007 ἐν
2447 2968 2562 3007 oni.
2602 2951 2657 3006 D

630 3023 946 3094 ἆπέχῦησαν
986 3020 1058 3091 D,
1102 3039 1255 3080 corr.
1296 3021 1401 3083 Dw
1512 3066 1518 3070 -
1579 3022 1646 3080 16
1683 3022 1991 3094 ἐρωμένους
2027 3022 2082 3079 D
2252 3024 2322 3080 18
2356 3024 2574 3095 χάρακα
2614 3039 2721 3080 om.

559 3094 632 3163 D,
672 3094 870 3166 suppl.
912 3094 1016 3156 Dw
1162 3094 1221 3151 τὸ
1257 3091 1518 3167 prDi,
1560 3096 1771 3153 οιιι.ΑἸ
1902 3096 1970 3153 19
2009 3094 2294 3168 ἱερώτατον
2333 3112 2448 3154 om.
2476 3097 2525 3154 E
2668 3093 2724 3152 τὰ

558 3165 683 3240 ΑΕ,
721 3175 815 3224 τοῦ
855 3165 1024 3241 pr,
1063 3183 1122 3226 v.
1163 3165 1675 3243 Cedr.'(Scylitz.)
1714 3167 1772 3226 11
1815 3184 1874 3243 p.
1910 3168 1998 3242 81,
2036 3169 2071 3226 9

352 3438 706 3512 86niacam,
746 3440 845 3497 cui
879 3438 1178 3499 Olbianus
1215 3440 1551 3514 imperator
1589 3445 1892 3514 praeerat,
1933 3440 2038 3514 qui
2077 3442 2326 3514 tyranni
2366 3438 2723 3517 adoptivum

445 3513 636 3571 fliium
674 3514 911 3570 insidiis
950 3520 1278 3586 exceptum
1317 3514 1522 3571 statim
1562 3513 1825 3571 sustulit.

624 3586 713 3643 23.
790 3586 941 3644 Cum
1005 3586 1290 3656 Thomas,
1348 3592 1417 3643 ut
1483 3586 1710 3643 dictum
1772 3591 1880 3658 est,
1939 3587 2001 3643 in
2058 3586 2386 3644 Thraciam
2443 3587 2720 3656 venisset,

389 3657 659 3723 ‘Zamnes
698 3659 779 3716 nd
818 3676 958 3717 eum
998 3676 1065 3717 se
1104 3659 1516 3717 contulerunt.
1591 3659 1811 3731 Itaque
1851 3676 2067 3732 regem·
2103 3659 2310 3717 denuo
2349 3664 2517 3715 terra
2554 3659 2722 3716 mari-

444 3748 568 3805 que
606 3733 769 3804 vicit,
821 3733 1164 3805 profligatis
1216 3733 1460 3790 duobus
1510 3734 1885 3790 exercitibus
1929 3737 1992 3790 ct
2028 3733 2092 3789 in
2131 3733 2234 3789 filii
2274 3732 2517 3803 locum,
2546 3748 2721 3803 quem

445 3811 733 3863 necatum
773 3807 964 3863 fuisse
1004 3806 1288 3875 diximus,
1343 3806 1604 3862 alterum
1646 3806 1984 3878 adoptavit,
2031 3807 2278 3863 nomine
2316 3802 2721 3872 Anastasium,

386 3878 425 3935 3
445 3880 551 3951 qui
579 3895 757 3936 sacro
784 3877 1069 3935 monachi
1097 3879 1312 3935 habitu
1339 3878 1581 3934 abiecto
1611 3879 1850 3935 civilem
1888 3884 2260 3952 sumpserat3
2299 3884 2359 3936 et
2387 3877 2467 3934 ad
2495 3882 2720 3935 tantam

443 3952 687 4023 redegit
726 3951 1083 4008 Michaclcm
1123 3952 1636 4023 desperationem,
1685 3957 1753 4009 ut
1804 3954 2008 4010 ferrea
2057 3957 2278 4012 catena
2326 3968 2405 4008 ex
2455 3950 2720 4022 acropoli

443 4024 524 4081 ad
564 4025 925 4097 oppidulum
966 4026 1313 4097 oppositum
1355 4029 1608 4081 extenta
1647 4023 1979 4096 tyrannum
2024 4025 2353 4099 prohibere
2398 4027 2721 4081 conaretur

385 4096 603 4155 4intro
663 4103 1007 4169 penetrare.
1084 4095 1205 4155 Sed
1258 4097 1526 4154 Thomas
1585 4102 1750 4153 terra.
1801 4099 2081 4169 marique
2138 4099 2318 4155 simul
2374 4098 2608 4169 impet-u
2663 4096 2720 4150 in

441 4171 661 4227 urbem
690 4173 854 4227 facto
895 4171 1121 4241 illaque
1161 4176 1381 4226 catena
1419 4171 1706 4227 facillime
1744 4178 1928 4244 rupta
1956 4171 2230 4243 putabat,
2269 4172 2321 4227 si
2360 4170 2440 4227 ab
2477 4168 2719 4243 oppida·

442 4245 538 4300 nis
578 4248 816 4300 tantum
857 4245 1332 4315 conspiceretur,
1387 4245 1522 4300 sore
1561 4244 1676 4300 sibi
1719 4244 1796 4301 ob
1837 4243 2224 4316 imperatoris
2262 4243 2471 4301 odium
2510 4246 2719 4315 aperta

385 4315 666 4375 bomnia.
742 4315 894 4374 Cum
944 4322 1150 4374 autem
1191 4318 1359 4374 viros
1400 4318 1591 4374 fortes
1630 4333 1696 4373 se
1736 4318 2122 4390 praeberent,
2184 4318 2288 4388 qui
2337 4316 2553 4373 urbem
2598 4320 2718 4371 tue-

440 4396 674 4462 rentur,
720 4405 831 4463 spe
868 4389 1143 4448 deiectus
1182 4392 1310 4448 tum
1352 4391 1602 4463 quidem
1642 4391 1895 4448 recessit
1933 4406 2007 4447 ac
2047 4390 2276 4447 vallum
2309 4390 2530 4447 muniit
2562 4389 2718 4445 circa
