<?xml version="1.0" encoding="UTF-8"?>
<!DOCTYPE html PUBLIC "-//W3C//DTD XHTML 1.0 Transitional//EN"
    "http://www.w3.org/TR/xhtml1/DTD/xhtml1-transitional.dtd">
<html xmlns="http://www.w3.org/1999/xhtml" xml:lang="en" lang="en">
 <head>
  <title>
</title>
<meta http-equiv="Content-Type" content="text/html;charset=utf-8" />
  <meta name='ocr-system' content='tesseract 3.04.00' />
  <meta name='ocr-capabilities' content='ocr_page ocr_carea ocr_par ocr_line ocrx_word'/>
</head>
<body>
  <div class='ocr_page' id='page_1' title='image "./corpusscriptoru13berlgoog_0214.png"; bbox 0 0 2870 4966; ppageno 0'>
   <div class='ocr_carea' id='block_1_1' title="bbox 865 265 2478 343">
    <p class='ocr_par' dir='ltr' id='par_1_1' title="bbox 865 265 2478 343">
     <span class='ocr_line' id='line_1_1' title="bbox 865 265 2478 343; baseline 0.001 -9"><span class='ocrx_word' id='word_1_1' title='bbox 865 265 1225 337; x_wconf 76' lang='lat' dir='ltr'>lvs&#39;rmvs</span> <span class='ocrx_word' id='word_1_2' title='bbox 1261 268 1338 337; x_wconf 90' lang='lat'><strong><em>11.</em></strong></span> <span class='ocrx_word' id='word_1_3' title='bbox 1402 268 1824 340; x_wconf 67' lang='lat' dir='ltr'>ammom.</span> <span class='ocrx_word' id='word_1_4' title='bbox 2363 274 2478 343; x_wconf 71' lang='lat'><strong><em>175.</em></strong></span> 
     </span>
    </p>
   </div>
   <div class='ocr_carea' id='block_1_2' title="bbox 69 456 2812 2099">
    <p class='ocr_par' dir='ltr' id='par_1_2' title="bbox 69 456 2812 2099">
     <span class='ocr_line' id='line_1_2' title="bbox 437 456 2452 546; baseline 0 -20"><span class='ocrx_word' id='word_1_5' title='bbox 437 460 631 538; x_wconf 76' lang='grc' dir='ltr'><strong><em>ἀξιον,</em></strong></span> <span class='ocrx_word' id='word_1_6' title='bbox 677 456 737 532; x_wconf 79' lang='grc' dir='ltr'><strong><em>ὦ</em></strong></span> <span class='ocrx_word' id='word_1_7' title='bbox 781 458 995 545; x_wconf 79' lang='grc' dir='ltr'><strong><em>Ῥώμη</em></strong></span> <span class='ocrx_word' id='word_1_8' title='bbox 1041 459 1539 546; x_wconf 67' lang='grc' dir='ltr'><strong><em>μεγαλόκρατες,</em></strong></span> <span class='ocrx_word' id='word_1_9' title='bbox 1572 461 1746 529; x_wconf 87' lang='grc' dir='ltr'><strong><em>ἀντία</em></strong></span> <span class='ocrx_word' id='word_1_10' title='bbox 1791 468 1922 529; x_wconf 84' lang='grc' dir='ltr'><strong><em>σεῖο</em></strong></span> <span class='ocrx_word' id='word_1_11' title='bbox 2426 521 2452 535; x_wconf 69' lang='grc'><strong><em>,.</em></strong></span> 
     </span>
     <span class='ocr_line' id='line_1_3' title="bbox 525 558 2499 653; baseline 0.006 -26"><span class='ocrx_word' id='word_1_12' title='bbox 525 561 757 636; x_wconf 80' lang='grc' dir='ltr'><strong><em>κάλλος</em></strong></span> <span class='ocrx_word' id='word_1_13' title='bbox 800 558 910 628; x_wconf 80' lang='grc' dir='ltr'><strong><em>ἀπ’</em></strong></span> <span class='ocrx_word' id='word_1_14' title='bbox 957 562 1287 650; x_wconf 79' lang='grc' dir='ltr'><strong><em>Εὐρώπης</em></strong></span> <span class='ocrx_word' id='word_1_15' title='bbox 1334 565 1616 650; x_wconf 86' lang='grc' dir='ltr'><strong><em>δέρκεται</em></strong></span> <span class='ocrx_word' id='word_1_16' title='bbox 1659 567 1746 639; x_wconf 76' lang='grc' dir='ltr'><strong><em>εἰς</em></strong></span> <span class='ocrx_word' id='word_1_17' title='bbox 1793 567 2018 653; x_wconf 81' lang='grc' dir='ltr'><strong><em>Ἀσίην.</em></strong></span> <span class='ocrx_word' id='word_1_18' title='bbox 2495 608 2499 617; x_wconf 88' lang='lat'><strong>·</strong></span> 
     </span>
     <span class='ocr_line' id='line_1_4' title="bbox 241 664 2523 755; baseline 0.003 -22"><span class='ocrx_word' id='word_1_19' title='bbox 241 672 384 755; x_wconf 77' lang='grc' dir='ltr'><strong><em>αὕτη</em></strong></span> <span class='ocrx_word' id='word_1_20' title='bbox 429 669 468 753; x_wconf 81' lang='grc' dir='ltr'><em>ἡ</em></span> <span class='ocrx_word' id='word_1_21' title='bbox 522 664 762 752; x_wconf 79' lang='grc' dir='ltr'><em>βασιλὶς</em></span> <span class='ocrx_word' id='word_1_22' title='bbox 806 665 1023 752; x_wconf 91' lang='grc' dir='ltr'><strong><em>Σοφία</em></strong></span> <span class='ocrx_word' id='word_1_23' title='bbox 1084 667 1578 755; x_wconf 79' lang='grc' dir='ltr'><strong><em>ἀκριβωσαμένη</em></strong></span> <span class='ocrx_word' id='word_1_24' title='bbox 1643 669 1881 742; x_wconf 78' lang='grc' dir='ltr'><em>πάντας</em></span> <span class='ocrx_word' id='word_1_25' title='bbox 1942 669 2087 745; x_wconf 84' lang='grc' dir='ltr'><strong><em>τοὺς</em></strong></span> <span class='ocrx_word' id='word_1_26' title='bbox 2151 669 2471 746; x_wconf 81' lang='grc' dir='ltr'><strong><em>δανειστὰς</em></strong></span> <span class='ocrx_word' id='word_1_27' title='bbox 2487 680 2523 740; x_wconf 78' lang='grc'><strong>7</strong></span> 
     </span>
     <span class='ocr_line' id='line_1_5' title="bbox 241 758 2468 861; baseline -0 -19"><span class='ocrx_word' id='word_1_28' title='bbox 241 773 339 843; x_wconf 72' lang='grc' dir='ltr'><strong><em>καὶ</em></strong></span> <span class='ocrx_word' id='word_1_29' title='bbox 381 772 509 838; x_wconf 74' lang='grc' dir='ltr'><strong><em>ὅσα·</em></strong></span> <span class='ocrx_word' id='word_1_30' title='bbox 541 768 698 840; x_wconf 82' lang='grc' dir='ltr'><strong><em>τινὲς</em></strong></span> <span class='ocrx_word' id='word_1_31' title='bbox 743 769 955 841; x_wconf 81' lang='grc' dir='ltr'><strong><em>αὐτοῖς</em></strong></span> <span class='ocrx_word' id='word_1_32' title='bbox 1000 771 1278 854; x_wconf 81' lang='grc' dir='ltr'><em>ὤφειλον</em></span> <span class='ocrx_word' id='word_1_33' title='bbox 1322 758 1439 836; x_wconf 61' lang='grc' dir='ltr'><strong><em>εἴτε</em></strong></span> <span class='ocrx_word' id='word_1_34' title='bbox 1484 767 1563 838; x_wconf 82' lang='grc' dir='ltr'><strong><em>δι’</em></strong></span> <span class='ocrx_word' id='word_1_35' title='bbox 1612 773 1956 859; x_wconf 77' lang='grc' dir='ltr'><em>ἐγγράφων</em></span> <span class='ocrx_word' id='word_1_36' title='bbox 1999 777 2040 861; x_wconf 83' lang='grc' dir='ltr'><strong><em>ἢ</em></strong></span> <span class='ocrx_word' id='word_1_37' title='bbox 2086 773 2195 842; x_wconf 78' lang='grc' dir='ltr'><strong><em>καὶ</em></strong></span> <span class='ocrx_word' id='word_1_38' title='bbox 2226 770 2305 841; x_wconf 79' lang='grc' dir='ltr'><strong><em>δι’</em></strong></span> <span class='ocrx_word' id='word_1_39' title='bbox 2338 775 2468 841; x_wconf 81' lang='grc' dir='ltr'><strong><em>ένε-</em></strong></span> 
     </span>
     <span class='ocr_line' id='line_1_6' title="bbox 198 865 2470 966; baseline 0.003 -30"><span class='ocrx_word' id='word_1_40' title='bbox 198 890 229 948; x_wconf 80' lang='lat'><strong>5</strong></span> <span class='ocrx_word' id='word_1_41' title='bbox 242 879 466 966; x_wconf 76' lang='grc' dir='ltr'><strong><em>χύρων,</em></strong></span> <span class='ocrx_word' id='word_1_42' title='bbox 531 872 835 958; x_wconf 80' lang='grc' dir='ltr'><strong><em>κατέβαλε</em></strong></span> <span class='ocrx_word' id='word_1_43' title='bbox 889 872 1010 958; x_wconf 80' lang='grc' dir='ltr'><strong><em>μὲν</em></strong></span> <span class='ocrx_word' id='word_1_44' title='bbox 1063 874 1275 946; x_wconf 82' lang='grc' dir='ltr'><strong><em>αὐτοῖς</em></strong></span> <span class='ocrx_word' id='word_1_45' title='bbox 1324 874 1399 939; x_wconf 81' lang='grc' dir='ltr'><strong><em>τὰ</em></strong></span> <span class='ocrx_word' id='word_1_46' title='bbox 1449 874 1661 941; x_wconf 83' lang='grc' dir='ltr'><strong><em>δάνεια</em></strong></span> <span class='ocrx_word' id='word_1_47' title='bbox 1709 865 1988 952; x_wconf 72' lang='grc' dir='ltr'><strong><em>οὔιοθεν,</em></strong></span> <span class='ocrx_word' id='word_1_48' title='bbox 2051 877 2236 963; x_wconf 76' lang='grc' dir='ltr'><strong><em>ἔλαβε</em></strong></span> <span class='ocrx_word' id='word_1_49' title='bbox 2281 878 2352 944; x_wconf 77' lang='grc' dir='ltr'><strong><em>δὲ</em></strong></span> <span class='ocrx_word' id='word_1_50' title='bbox 2394 875 2470 943; x_wconf 81' lang='grc' dir='ltr'><strong><em>τὰ</em></strong></span> 
     </span>
     <span class='ocr_line' id='line_1_7' title="bbox 243 975 2546 1066; baseline 0.002 -24"><span class='ocrx_word' id='word_1_51' title='bbox 243 982 491 1066; x_wconf 71' lang='grc' dir='ltr'><strong><em>ἐνέχυρα</em></strong></span> <span class='ocrx_word' id='word_1_52' title='bbox 544 975 652 1042; x_wconf 76' lang='grc' dir='ltr'><strong><em>καὶ</em></strong></span> <span class='ocrx_word' id='word_1_53' title='bbox 703 976 778 1042; x_wconf 81' lang='grc' dir='ltr'><strong><em>τὰ</em></strong></span> <span class='ocrx_word' id='word_1_54' title='bbox 844 978 1154 1062; x_wconf 79' lang='grc' dir='ltr'><strong><em>ἔγγραφα,</em></strong></span> <span class='ocrx_word' id='word_1_55' title='bbox 1218 976 1327 1042; x_wconf 78' lang='grc' dir='ltr'><strong><em>καὶ</em></strong></span> <span class='ocrx_word' id='word_1_56' title='bbox 1378 977 1454 1043; x_wconf 81' lang='grc' dir='ltr'><strong><em>τὰ</em></strong></span> <span class='ocrx_word' id='word_1_57' title='bbox 1498 978 1617 1064; x_wconf 83' lang='grc' dir='ltr'><strong><em>μὲν</em></strong></span> <span class='ocrx_word' id='word_1_58' title='bbox 1663 979 1928 1065; x_wconf 79' lang='grc' dir='ltr'><strong><em>ἐνέχυρα</em></strong></span> <span class='ocrx_word' id='word_1_59' title='bbox 1971 986 2101 1053; x_wconf 84' lang='grc' dir='ltr'><strong><em>τοῖς</em></strong></span> <span class='ocrx_word' id='word_1_60' title='bbox 2145 980 2473 1055; x_wconf 76' lang='grc' dir='ltr'><strong><em>δεσπόταις</em></strong></span> <span class='ocrx_word' id='word_1_61' title='bbox 2490 989 2546 1046; x_wconf 93' lang='lat' dir='ltr'><strong>D</strong></span> 
     </span>
     <span class='ocr_line' id='line_1_8' title="bbox 245 1079 2797 1170; baseline 0.001 -19"><span class='ocrx_word' id='word_1_62' title='bbox 245 1084 544 1166; x_wconf 83' lang='grc' dir='ltr'><strong><em>ἀπέδωκε,</em></strong></span> <span class='ocrx_word' id='word_1_63' title='bbox 608 1080 683 1146; x_wconf 81' lang='grc' dir='ltr'><strong><em>τὰ</em></strong></span> <span class='ocrx_word' id='word_1_64' title='bbox 743 1079 802 1145; x_wconf 85' lang='grc' dir='ltr'><strong><em>δ’</em></strong></span> <span class='ocrx_word' id='word_1_65' title='bbox 849 1082 1136 1166; x_wconf 81' lang='grc' dir='ltr'><strong><em>ἔγγραφα</em></strong></span> <span class='ocrx_word' id='word_1_66' title='bbox 1197 1081 1548 1167; x_wconf 74' lang='grc' dir='ltr'><strong><em>ἔξηφάνισε.</em></strong></span> <span class='ocrx_word' id='word_1_67' title='bbox 1638 1089 1906 1167; x_wconf 78' lang='grc' dir='ltr'><strong><em>νοσεροῦ</em></strong></span> <span class='ocrx_word' id='word_1_68' title='bbox 1962 1082 2032 1149; x_wconf 79' lang='grc' dir='ltr'><strong><em>δὲ</em></strong></span> <span class='ocrx_word' id='word_1_69' title='bbox 2083 1082 2295 1170; x_wconf 85' lang='grc' dir='ltr'><strong><em>τυχὼν</em></strong></span> <span class='ocrx_word' id='word_1_70' title='bbox 2337 1084 2469 1151; x_wconf 85' lang='grc' dir='ltr'><strong><em>σώ-</em></strong></span> <span class='ocrx_word' id='word_1_71' title='bbox 2488 1093 2526 1150; x_wconf 85' lang='grc'>8</span> <span class='ocrx_word' id='word_1_72' title='bbox 2559 1091 2629 1153; x_wconf 83' lang='lat' dir='ltr'>W</span> <span class='ocrx_word' id='word_1_73' title='bbox 2644 1092 2719 1152; x_wconf 90' lang='lat'><strong><em>111</em></strong></span> <span class='ocrx_word' id='word_1_74' title='bbox 2733 1093 2797 1152; x_wconf 73' lang='lat'><strong><em>58</em></strong></span> 
     </span>
     <span class='ocr_line' id='line_1_9' title="bbox 244 1181 2469 1275; baseline 0.003 -29"><span class='ocrx_word' id='word_1_75' title='bbox 244 1210 430 1274; x_wconf 80' lang='grc' dir='ltr'><strong><em>ματος</em></strong></span> <span class='ocrx_word' id='word_1_76' title='bbox 471 1182 509 1247; x_wconf 86' lang='grc' dir='ltr'><strong><em>δ</em></strong></span> <span class='ocrx_word' id='word_1_77' title='bbox 552 1181 841 1267; x_wconf 79' lang='grc' dir='ltr'><strong><em>βασιλεὺς</em></strong></span> <span class='ocrx_word' id='word_1_78' title='bbox 899 1181 1084 1256; x_wconf 82' lang='grc' dir='ltr'><strong><em>οὗτος</em></strong></span> <span class='ocrx_word' id='word_1_79' title='bbox 1146 1183 1255 1251; x_wconf 85' lang='grc' dir='ltr'><strong><em>καὶ</em></strong></span> <span class='ocrx_word' id='word_1_80' title='bbox 1320 1184 1419 1249; x_wconf 82' lang='grc' dir='ltr'><strong><em>διὰ</em></strong></span> <span class='ocrx_word' id='word_1_81' title='bbox 1477 1192 1662 1250; x_wconf 90' lang='grc' dir='ltr'><strong><em>τοῦτο</em></strong></span> <span class='ocrx_word' id='word_1_82' title='bbox 1715 1185 1807 1271; x_wconf 88' lang='grc' dir='ltr'><strong><em>μὴ</em></strong></span> <span class='ocrx_word' id='word_1_83' title='bbox 1863 1191 2147 1272; x_wconf 83' lang='grc' dir='ltr'><strong><em>συνεχῶς</em></strong></span> <span class='ocrx_word' id='word_1_84' title='bbox 2200 1187 2469 1275; x_wconf 76' lang='grc' dir='ltr'><strong><em>προϊών,</em></strong></span> 
     </span>
     <span class='ocr_line' id='line_1_10' title="bbox 69 1275 2470 1376; baseline -0 -20"><span class='ocrx_word' id='word_1_85' title='bbox 69 1275 377 1371; x_wconf 62' lang='grc' dir='ltr'><strong><em>ηιρθστοὺς</em></strong></span> <span class='ocrx_word' id='word_1_86' title='bbox 417 1287 652 1353; x_wconf 78' lang='grc' dir='ltr'><em>ἀδικεῖν</em></span> <span class='ocrx_word' id='word_1_87' title='bbox 695 1286 1149 1372; x_wconf 81' lang='grc' dir='ltr'><strong><em>βουλομένους,</em></strong></span> <span class='ocrx_word' id='word_1_88' title='bbox 1205 1287 1299 1361; x_wconf 85' lang='grc' dir='ltr'><strong><em>ὡς</em></strong></span> <span class='ocrx_word' id='word_1_89' title='bbox 1341 1288 1619 1373; x_wconf 82' lang='grc' dir='ltr'><strong><em>μηδενὸς</em></strong></span> <span class='ocrx_word' id='word_1_90' title='bbox 1665 1289 1848 1362; x_wconf 84' lang='grc' dir='ltr'><strong><em>ὄντος</em></strong></span> <span class='ocrx_word' id='word_1_91' title='bbox 1890 1296 2002 1356; x_wconf 92' lang='grc' dir='ltr'><strong><em>τοῦ</em></strong></span> <span class='ocrx_word' id='word_1_92' title='bbox 2048 1290 2470 1376; x_wconf 76' lang='grc' dir='ltr'><strong><em>ἐκδικοῦντος,</em></strong></span> 
     </span>
     <span class='ocr_line' id='line_1_11' title="bbox 173 1389 2577 1480; baseline -0 -21"><span class='ocrx_word' id='word_1_93' title='bbox 173 1407 228 1463; x_wconf 82' lang='grc'><strong><em>10</em></strong></span> <span class='ocrx_word' id='word_1_94' title='bbox 244 1390 628 1475; x_wconf 86' lang='grc' dir='ltr'><strong><em>ἀδεεστέρους</em></strong></span> <span class='ocrx_word' id='word_1_95' title='bbox 658 1389 929 1476; x_wconf 75' lang='grc' dir='ltr'><strong><em>ἐποίησε.</em></strong></span> <span class='ocrx_word' id='word_1_96' title='bbox 1021 1390 1133 1457; x_wconf 87' lang='grc' dir='ltr'><strong><em>καί</em></strong></span> <span class='ocrx_word' id='word_1_97' title='bbox 1156 1414 1308 1456; x_wconf 86' lang='grc' dir='ltr'><strong><em>ποτε</em></strong></span> <span class='ocrx_word' id='word_1_98' title='bbox 1336 1392 1681 1475; x_wconf 76' lang='grc' dir='ltr'><strong><em>προελθὼν</em></strong></span> <span class='ocrx_word' id='word_1_99' title='bbox 1713 1392 2062 1480; x_wconf 74' lang='grc' dir='ltr'><strong><em>ἠνωχλήθη</em></strong></span> <span class='ocrx_word' id='word_1_100' title='bbox 2093 1392 2268 1478; x_wconf 79' lang='grc' dir='ltr'><strong><em>παρὰ</em></strong></span> <span class='ocrx_word' id='word_1_101' title='bbox 2312 1392 2468 1461; x_wconf 81' lang='grc' dir='ltr'><strong><em>πολ·-</em></strong></span> <span class='ocrx_word' id='word_1_102' title='bbox 2486 1403 2525 1461; x_wconf 77' lang='grc'>9</span> <span class='ocrx_word' id='word_1_103' title='bbox 2571 1449 2577 1458; x_wconf 95' lang='grc'><strong><em>.</em></strong></span> 
     </span>
     <span class='ocr_line' id='line_1_12' title="bbox 243 1484 2559 1582; baseline 0 -19"><span class='ocrx_word' id='word_1_104' title='bbox 243 1497 361 1563; x_wconf 78' lang='grc' dir='ltr'><strong><em>λῶν</em></strong></span> <span class='ocrx_word' id='word_1_105' title='bbox 403 1494 494 1567; x_wconf 80' lang='grc' dir='ltr'><strong><em>ὥς</em></strong></span> <span class='ocrx_word' id='word_1_106' title='bbox 538 1492 1004 1580; x_wconf 75' lang='grc' dir='ltr'><strong><em>ἀδικουμένων.</em></strong></span> <span class='ocrx_word' id='word_1_107' title='bbox 1098 1495 1351 1580; x_wconf 83' lang='grc' dir='ltr'><strong><em>γέγονεν</em></strong></span> <span class='ocrx_word' id='word_1_108' title='bbox 1397 1494 1515 1560; x_wconf 86' lang='grc' dir='ltr'><strong><em>οὗν</em></strong></span> <span class='ocrx_word' id='word_1_109' title='bbox 1560 1495 1599 1581; x_wconf 78' lang='grc' dir='ltr'><em>ἦ</em></span> <span class='ocrx_word' id='word_1_110' title='bbox 1646 1501 1775 1561; x_wconf 85' lang='grc' dir='ltr'><strong><em>τῶν</em></strong></span> <span class='ocrx_word' id='word_1_111' title='bbox 1821 1484 2263 1582; x_wconf 74' lang='grc' dir='ltr'><strong><em>ἀδικουμένων</em></strong></span> <span class='ocrx_word' id='word_1_112' title='bbox 2302 1497 2467 1564; x_wconf 82' lang='grc' dir='ltr'><strong><em>έκδί-</em></strong></span> <span class='ocrx_word' id='word_1_113' title='bbox 2490 1506 2559 1564; x_wconf 90' lang='grc'><strong><em>10</em></strong></span> 
     </span>
     <span class='ocr_line' id='line_1_13' title="bbox 244 1596 2552 1691; baseline 0 -25"><span class='ocrx_word' id='word_1_114' title='bbox 244 1622 405 1685; x_wconf 85' lang='grc' dir='ltr'><strong><em>κησις</em></strong></span> <span class='ocrx_word' id='word_1_115' title='bbox 449 1596 548 1662; x_wconf 81' lang='grc' dir='ltr'><strong><em>διὰ</em></strong></span> <span class='ocrx_word' id='word_1_116' title='bbox 595 1597 934 1681; x_wconf 73' lang='grc' dir='ltr'><strong><em>φροντίδος</em></strong></span> <span class='ocrx_word' id='word_1_117' title='bbox 979 1597 1171 1682; x_wconf 78' lang='grc' dir='ltr'><strong><em>αὐτῷ.</em></strong></span> <span class='ocrx_word' id='word_1_118' title='bbox 1262 1599 1652 1691; x_wconf 81' lang='grc' dir='ltr'><strong><em>φροντίζοντι</em></strong></span> <span class='ocrx_word' id='word_1_119' title='bbox 1699 1597 1770 1664; x_wconf 84' lang='grc' dir='ltr'><strong><em>δὲ</em></strong></span> <span class='ocrx_word' id='word_1_120' title='bbox 1813 1599 1956 1689; x_wconf 75' lang='grc' dir='ltr'><strong><em>περὶ</em></strong></span> <span class='ocrx_word' id='word_1_121' title='bbox 1999 1599 2224 1664; x_wconf 78' lang='grc' dir='ltr'><strong><em>τούτου</em></strong></span> <span class='ocrx_word' id='word_1_122' title='bbox 2267 1599 2467 1685; x_wconf 87' lang='grc' dir='ltr'><strong><em>πρόσ-</em></strong></span> <span class='ocrx_word' id='word_1_123' title='bbox 2491 1610 2552 1667; x_wconf 90' lang='grc'><strong><em>11</em></strong></span> 
     </span>
     <span class='ocr_line' id='line_1_14' title="bbox 246 1698 2469 1787; baseline 0.001 -19"><span class='ocrx_word' id='word_1_124' title='bbox 246 1702 347 1769; x_wconf 84' lang='grc' dir='ltr'><strong><em>εισί</em></strong></span> <span class='ocrx_word' id='word_1_125' title='bbox 391 1725 476 1773; x_wconf 91' lang='grc' dir='ltr'><strong><em>τις</em></strong></span> <span class='ocrx_word' id='word_1_126' title='bbox 530 1698 1085 1785; x_wconf 77' lang='grc' dir='ltr'><strong><em>έπαγγελλόμενος,</em></strong></span> <span class='ocrx_word' id='word_1_127' title='bbox 1151 1701 1210 1765; x_wconf 84' lang='grc' dir='ltr'><strong><em>εί</em></strong></span> <span class='ocrx_word' id='word_1_128' title='bbox 1248 1702 1527 1787; x_wconf 79' lang='grc' dir='ltr'><strong><em>ἔπαρχος</em></strong></span> <span class='ocrx_word' id='word_1_129' title='bbox 1574 1702 1812 1787; x_wconf 86' lang='grc' dir='ltr'><strong><em>γένοιτο</em></strong></span> <span class='ocrx_word' id='word_1_130' title='bbox 1857 1701 1963 1770; x_wconf 74' lang='grc' dir='ltr'><strong><em>καί</em></strong></span> <span class='ocrx_word' id='word_1_131' title='bbox 2007 1701 2166 1769; x_wconf 77' lang='grc' dir='ltr'><strong><em>κατὰ</em></strong></span> <span class='ocrx_word' id='word_1_132' title='bbox 2211 1703 2469 1770; x_wconf 87' lang='grc' dir='ltr'><strong><em>πάντων</em></strong></span> 
     </span>
     <span class='ocr_line' id='line_1_15' title="bbox 246 1798 2468 1893; baseline 0 -22"><span class='ocrx_word' id='word_1_133' title='bbox 246 1807 403 1892; x_wconf 78' lang='grc' dir='ltr'><strong><em>αὐτῷ</em></strong></span> <span class='ocrx_word' id='word_1_134' title='bbox 464 1805 712 1880; x_wconf 74' lang='grc' dir='ltr'><strong><em>ἐξουσία</em></strong></span> <span class='ocrx_word' id='word_1_135' title='bbox 780 1804 972 1889; x_wconf 72' lang='grc' dir='ltr'><strong><em>δοθῇ,</em></strong></span> <span class='ocrx_word' id='word_1_136' title='bbox 1040 1798 1118 1869; x_wconf 83' lang='grc' dir='ltr'><strong><em>δι’</em></strong></span> <span class='ocrx_word' id='word_1_137' title='bbox 1167 1804 1527 1890; x_wconf 83' lang='grc' dir='ltr'><strong><em>ὡρισμένου</em></strong></span> <span class='ocrx_word' id='word_1_138' title='bbox 1584 1811 1811 1888; x_wconf 81' lang='grc' dir='ltr'><strong><em>καιροῦ</em></strong></span> <span class='ocrx_word' id='word_1_139' title='bbox 1859 1806 2084 1891; x_wconf 83' lang='grc' dir='ltr'><strong><em>μήτινα</em></strong></span> <span class='ocrx_word' id='word_1_140' title='bbox 2132 1805 2468 1893; x_wconf 78' lang='grc' dir='ltr'><strong><em>εὑρεθῆναι</em></strong></span> 
     </span>
     <span class='ocr_line' id='line_1_16' title="bbox 177 1907 2812 1999; baseline 0 -23"><span class='ocrx_word' id='word_1_141' title='bbox 177 1921 231 1977; x_wconf 74' lang='lat'><strong><em>15</em></strong></span> <span class='ocrx_word' id='word_1_142' title='bbox 245 1911 341 1975; x_wconf 82' lang='grc' dir='ltr'><strong><em>τὸν</em></strong></span> <span class='ocrx_word' id='word_1_143' title='bbox 392 1908 830 1993; x_wconf 72' lang='grc' dir='ltr'><strong><em>ἀδικούμετόν.</em></strong></span> <span class='ocrx_word' id='word_1_144' title='bbox 922 1908 1142 1994; x_wconf 69' lang='grc' dir='ltr'><strong><em>ἡσθεὶς</em></strong></span> <span class='ocrx_word' id='word_1_145' title='bbox 1196 1907 1312 1972; x_wconf 84' lang='grc' dir='ltr'><strong><em>οὖν</em></strong></span> <span class='ocrx_word' id='word_1_146' title='bbox 1366 1914 1440 1994; x_wconf 76' lang='grc' dir='ltr'><strong><em>τῇ</em></strong></span> <span class='ocrx_word' id='word_1_147' title='bbox 1487 1908 1817 1995; x_wconf 76' lang='grc' dir='ltr'><strong><em>ὑποσχέσει</em></strong></span> <span class='ocrx_word' id='word_1_148' title='bbox 1862 1909 2050 1999; x_wconf 81' lang='grc' dir='ltr'><strong><em>ταύτῃ</em></strong></span> <span class='ocrx_word' id='word_1_149' title='bbox 2099 1908 2136 1973; x_wconf 85' lang='grc' dir='ltr'><strong><em>δ</em></strong></span> <span class='ocrx_word' id='word_1_150' title='bbox 2180 1908 2470 1996; x_wconf 78' lang='grc' dir='ltr'><strong><em>βασιλεὺς</em></strong></span> <span class='ocrx_word' id='word_1_151' title='bbox 2489 1919 2557 1978; x_wconf 83' lang='grc'><strong><em>12</em></strong></span> <span class='ocrx_word' id='word_1_152' title='bbox 2580 1915 2812 1980; x_wconf 69' lang='lat' dir='ltr'><strong><em>rum</em></strong></span> 
     </span>
     <span class='ocr_line' id='line_1_17' title="bbox 245 2012 2555 2099; baseline 0.001 -22"><span class='ocrx_word' id='word_1_153' title='bbox 245 2014 341 2079; x_wconf 85' lang='grc' dir='ltr'><strong><em>τὸν</em></strong></span> <span class='ocrx_word' id='word_1_154' title='bbox 389 2013 588 2098; x_wconf 79' lang='grc' dir='ltr'><strong><em>ἄνδρα</em></strong></span> <span class='ocrx_word' id='word_1_155' title='bbox 647 2013 888 2078; x_wconf 77' lang='grc' dir='ltr'><strong><em>ἐκεῖνον</em></strong></span> <span class='ocrx_word' id='word_1_156' title='bbox 942 2013 1412 2098; x_wconf 83' lang='grc' dir='ltr'><strong><em>προεχειρίσατο</em></strong></span> <span class='ocrx_word' id='word_1_157' title='bbox 1459 2014 1756 2099; x_wconf 81' lang='grc' dir='ltr'><strong><em>ἔπαρχον.</em></strong></span> <span class='ocrx_word' id='word_1_158' title='bbox 1847 2012 1885 2077; x_wconf 85' lang='grc' dir='ltr'>ὁ</span> <span class='ocrx_word' id='word_1_159' title='bbox 1933 2013 2001 2078; x_wconf 85' lang='grc' dir='ltr'><strong><em>δὲ</em></strong></span> <span class='ocrx_word' id='word_1_160' title='bbox 2044 2013 2466 2099; x_wconf 70' lang='grc' dir='ltr'><strong><em>προκαθίσας,</em></strong></span> <span class='ocrx_word' id='word_1_161' title='bbox 2488 2024 2555 2082; x_wconf 81' lang='lat'><strong><em>13</em></strong></span> 
     </span>
    </p>
   </div>
   <div class='ocr_carea' id='block_1_3' title="bbox 244 2208 2467 2429">
    <p class='ocr_par' dir='ltr' id='par_1_3' title="bbox 244 2208 2467 2429">
     <span class='ocr_line' id='line_1_18' title="bbox 247 2208 2466 2283; baseline 0 -16"><span class='ocrx_word' id='word_1_162' title='bbox 247 2211 277 2267; x_wconf 88' lang='grc'><strong>3</strong></span> <span class='ocrx_word' id='word_1_163' title='bbox 308 2212 377 2267; x_wconf 83' lang='grc' dir='ltr'><strong><em>ὅτι</em></strong></span> <span class='ocrx_word' id='word_1_164' title='bbox 413 2208 501 2273; x_wconf 81' lang='grc' dir='ltr'><strong><em>τὰς</em></strong></span> <span class='ocrx_word' id='word_1_165' title='bbox 537 2209 752 2283; x_wconf 73' lang='grc' dir='ltr'><strong><em>δφειλᾶς</em></strong></span> <span class='ocrx_word' id='word_1_166' title='bbox 788 2216 897 2267; x_wconf 86' lang='grc' dir='ltr'><strong><em>τῶν</em></strong></span> <span class='ocrx_word' id='word_1_167' title='bbox 932 2211 1044 2265; x_wconf 83' lang='grc' dir='ltr'><strong><em>τότε</em></strong></span> <span class='ocrx_word' id='word_1_168' title='bbox 1078 2208 1495 2282; x_wconf 81' lang='grc' dir='ltr'><strong><em>χρεωστούντων</em></strong></span> <span class='ocrx_word' id='word_1_169' title='bbox 1529 2208 1768 2266; x_wconf 75' lang='grc' dir='ltr'><strong><em>ἀπέτισεν</em></strong></span> <span class='ocrx_word' id='word_1_170' title='bbox 1801 2208 1835 2282; x_wconf 77' lang='grc' dir='ltr'><em>ἦ</em></span> <span class='ocrx_word' id='word_1_171' title='bbox 1861 2209 2137 2283; x_wconf 78' lang='grc' dir='ltr'><strong><em>Αὖγούστα</em></strong></span> <span class='ocrx_word' id='word_1_172' title='bbox 2161 2211 2343 2283; x_wconf 83' lang='grc' dir='ltr'><strong><em>Σοφία</em></strong></span> <span class='ocrx_word' id='word_1_173' title='bbox 2370 2209 2466 2270; x_wconf 80' lang='lat' dir='ltr'><strong><em>OE</em></strong></span> 
     </span>
     <span class='ocr_line' id='line_1_19' title="bbox 248 2282 2466 2355; baseline 0 -16"><span class='ocrx_word' id='word_1_174' title='bbox 248 2285 314 2339; x_wconf 86' lang='lat'><strong><em>10</em></strong></span> <span class='ocrx_word' id='word_1_175' title='bbox 339 2283 450 2354; x_wconf 77' lang='grc' dir='ltr'><strong><em>περὶ</em></strong></span> <span class='ocrx_word' id='word_1_176' title='bbox 486 2291 576 2339; x_wconf 87' lang='grc' dir='ltr'><strong><em>τοῦ</em></strong></span> <span class='ocrx_word' id='word_1_177' title='bbox 613 2283 850 2355; x_wconf 74' lang='grc' dir='ltr'><strong><em>ἐπάρχου</em></strong></span> <span class='ocrx_word' id='word_1_178' title='bbox 889 2283 1239 2354; x_wconf 79' lang='grc' dir='ltr'><strong><em>(πατριάρχου</em></strong></span> <span class='ocrx_word' id='word_1_179' title='bbox 1266 2282 1331 2353; x_wconf 77' lang='grc' dir='ltr'><strong><em>Ε,</em></strong></span> <span class='ocrx_word' id='word_1_180' title='bbox 1369 2289 1439 2338; x_wconf 87' lang='lat' dir='ltr'><strong><em>ut</em></strong></span> <span class='ocrx_word' id='word_1_181' title='bbox 1472 2282 1737 2351; x_wconf 82' lang='lat' dir='ltr'>videtur)</span> <span class='ocrx_word' id='word_1_182' title='bbox 1773 2283 1865 2339; x_wconf 76' lang='grc' dir='ltr'><strong><em>καὶ</em></strong></span> <span class='ocrx_word' id='word_1_183' title='bbox 1901 2290 1993 2339; x_wconf 83' lang='grc' dir='ltr'><strong><em>τοῦ</em></strong></span> <span class='ocrx_word' id='word_1_184' title='bbox 2027 2282 2338 2344; x_wconf 76' lang='grc' dir='ltr'><strong><em>ἀδικοῦντος</em></strong></span> <span class='ocrx_word' id='word_1_185' title='bbox 2374 2282 2466 2340; x_wconf 80' lang='grc' dir='ltr'><strong><em>καί</em></strong></span> 
     </span>
     <span class='ocr_line' id='line_1_20' title="bbox 244 2353 2467 2429; baseline 0 -17"><span class='ocrx_word' id='word_1_186' title='bbox 244 2354 313 2427; x_wconf 83' lang='grc' dir='ltr'><strong><em>μὴ</em></strong></span> <span class='ocrx_word' id='word_1_187' title='bbox 346 2356 727 2429; x_wconf 81' lang='grc' dir='ltr'><strong><em>ἀπαντήσαντος</em></strong></span> <span class='ocrx_word' id='word_1_188' title='bbox 764 2357 838 2416; x_wconf 80' lang='grc' dir='ltr'><strong><em>είς</em></strong></span> <span class='ocrx_word' id='word_1_189' title='bbox 874 2355 934 2412; x_wconf 80' lang='grc' dir='ltr'><strong><em>τὸ</em></strong></span> <span class='ocrx_word' id='word_1_190' title='bbox 965 2356 1306 2428; x_wconf 86' lang='grc' dir='ltr'><strong><em>δικαστήριον</em></strong></span> <span class='ocrx_word' id='word_1_191' title='bbox 1329 2355 1492 2412; x_wconf 81' lang='grc' dir='ltr'><strong><em>αὐτοῦ</em></strong></span> <span class='ocrx_word' id='word_1_192' title='bbox 1528 2359 1668 2422; x_wconf 84' lang='lat' dir='ltr'><strong>(om.</strong></span> <span class='ocrx_word' id='word_1_193' title='bbox 1695 2353 1763 2425; x_wconf 86' lang='lat' dir='ltr'><strong><em>C)</em></strong></span> <span class='ocrx_word' id='word_1_194' title='bbox 1791 2353 1887 2412; x_wconf 81' lang='lat' dir='ltr'><strong><em>CB</em></strong></span> <span class='ocrx_word' id='word_1_195' title='bbox 2030 2356 2100 2412; x_wconf 84' lang='grc'><strong><em>16</em></strong></span> <span class='ocrx_word' id='word_1_196' title='bbox 2124 2356 2222 2426; x_wconf 82' lang='grc' dir='ltr'><strong><em>ὅρα</em></strong></span> <span class='ocrx_word' id='word_1_197' title='bbox 2247 2355 2395 2421; x_wconf 76' lang='grc' dir='ltr'><strong><em>ξένον</em></strong></span> <span class='ocrx_word' id='word_1_198' title='bbox 2416 2354 2467 2412; x_wconf 89' lang='grc' dir='ltr'><strong>Β</strong></span> 
     </span>
    </p>
   </div>
   <div class='ocr_carea' id='block_1_4' title="bbox 342 2534 2570 3255">
    <p class='ocr_par' dir='ltr' id='par_1_4' title="bbox 343 2534 2465 2754">
     <span class='ocr_line' id='line_1_21' title="bbox 344 2534 2464 2611; baseline 0 -17"><span class='ocrx_word' id='word_1_199' title='bbox 344 2538 376 2594; x_wconf 87' lang='grc'><strong><em>2</em></strong></span> <span class='ocrx_word' id='word_1_200' title='bbox 399 2545 531 2611; x_wconf 87' lang='lat' dir='ltr'>post</span> <span class='ocrx_word' id='word_1_201' title='bbox 548 2537 741 2599; x_wconf 80' lang='grc' dir='ltr'><strong><em>κάλλος</em></strong></span> <span class='ocrx_word' id='word_1_202' title='bbox 762 2535 899 2593; x_wconf 84' lang='lat' dir='ltr'>add.</span> <span class='ocrx_word' id='word_1_203' title='bbox 919 2536 970 2592; x_wconf 74' lang='grc' dir='ltr'><strong><em>δ’</em></strong></span> <span class='ocrx_word' id='word_1_204' title='bbox 993 2537 1041 2593; x_wconf 86' lang='grc' dir='ltr'><strong>Ε</strong></span> <span class='ocrx_word' id='word_1_205' title='bbox 1184 2536 1221 2593; x_wconf 84' lang='grc'>4</span> <span class='ocrx_word' id='word_1_206' title='bbox 1244 2536 1336 2593; x_wconf 78' lang='grc' dir='ltr'><strong><em>καὶ</em></strong></span> <span class='ocrx_word' id='word_1_207' title='bbox 1354 2537 1613 2593; x_wconf 81' lang='lat' dir='ltr'>alterum</span> <span class='ocrx_word' id='word_1_208' title='bbox 1635 2552 1750 2594; x_wconf 87' lang='lat' dir='ltr'><strong><em>om.</em></strong></span> <span class='ocrx_word' id='word_1_209' title='bbox 1771 2535 1819 2593; x_wconf 88' lang='lat' dir='ltr'>E</span> <span class='ocrx_word' id='word_1_210' title='bbox 1839 2537 2010 2594; x_wconf 88' lang='lat' dir='ltr'>initio</span> <span class='ocrx_word' id='word_1_211' title='bbox 2034 2552 2191 2594; x_wconf 80' lang='lat' dir='ltr'>vers.</span> <span class='ocrx_word' id='word_1_212' title='bbox 2334 2537 2371 2594; x_wconf 84' lang='lat'>8</span> <span class='ocrx_word' id='word_1_213' title='bbox 2386 2534 2464 2611; x_wconf 77' lang='grc' dir='ltr'><strong><em>μὴ</em></strong></span> 
     </span>
     <span class='ocr_line' id='line_1_22' title="bbox 344 2606 2465 2682; baseline 0 -17"><span class='ocrx_word' id='word_1_214' title='bbox 344 2608 587 2682; x_wconf 85' lang='lat' dir='ltr'>prDi,</span> <span class='ocrx_word' id='word_1_215' title='bbox 626 2609 800 2665; x_wconf 81' lang='lat' dir='ltr'>Cedr.</span> <span class='ocrx_word' id='word_1_216' title='bbox 839 2609 866 2665; x_wconf 92' lang='lat'>1</span> <span class='ocrx_word' id='word_1_217' title='bbox 905 2625 962 2681; x_wconf 85' lang='lat' dir='ltr'><strong><em>p.</em></strong></span> <span class='ocrx_word' id='word_1_218' title='bbox 988 2609 1112 2679; x_wconf 87' lang='grc'><strong><em>680,</em></strong></span> <span class='ocrx_word' id='word_1_219' title='bbox 1131 2609 1218 2679; x_wconf 83' lang='grc'><strong><em>21,</em></strong></span> <span class='ocrx_word' id='word_1_220' title='bbox 1259 2606 1449 2665; x_wconf 87' lang='lat' dir='ltr'>om.A</span> <span class='ocrx_word' id='word_1_221' title='bbox 1560 2609 1627 2664; x_wconf 81' lang='lat'><strong><em>12</em></strong></span> <span class='ocrx_word' id='word_1_222' title='bbox 1663 2608 2105 2680; x_wconf 75' lang='grc' dir='ltr'><strong><em>φροντίζοντοςῙ)</em></strong></span> <span class='ocrx_word' id='word_1_223' title='bbox 2217 2608 2284 2664; x_wconf 84' lang='grc'><strong><em>14</em></strong></span> <span class='ocrx_word' id='word_1_224' title='bbox 2318 2608 2465 2680; x_wconf 74' lang='grc' dir='ltr'><strong><em>αὐτῷ</em></strong></span> 
     </span>
     <span class='ocr_line' id='line_1_23' title="bbox 343 2680 2464 2754; baseline 0.001 -19"><span class='ocrx_word' id='word_1_225' title='bbox 343 2682 545 2745; x_wconf 75' lang='grc' dir='ltr'><strong><em>ἐξουσία</em></strong></span> <span class='ocrx_word' id='word_1_226' title='bbox 583 2683 726 2751; x_wconf 70' lang='grc' dir='ltr'><strong><em>δοθῆ</em></strong></span> <span class='ocrx_word' id='word_1_227' title='bbox 761 2683 830 2751; x_wconf 81' lang='grc' dir='ltr'><strong><em>Δ,</em></strong></span> <span class='ocrx_word' id='word_1_228' title='bbox 867 2682 1014 2751; x_wconf 80' lang='grc' dir='ltr'><strong><em>αὐτῷ</em></strong></span> <span class='ocrx_word' id='word_1_229' title='bbox 1052 2683 1195 2754; x_wconf 74' lang='grc' dir='ltr'><strong><em>δοθῆ</em></strong></span> <span class='ocrx_word' id='word_1_230' title='bbox 1233 2684 1454 2737; x_wconf 78' lang='lat' dir='ltr'>omisso</span> <span class='ocrx_word' id='word_1_231' title='bbox 1491 2680 1703 2746; x_wconf 74' lang='grc' dir='ltr'><strong><em>ἐξουσία</em></strong></span> <span class='ocrx_word' id='word_1_232' title='bbox 1741 2681 1805 2751; x_wconf 86' lang='grc' dir='ltr'><strong><em>Ε,</em></strong></span> <span class='ocrx_word' id='word_1_233' title='bbox 1844 2682 2030 2753; x_wconf 76' lang='grc' dir='ltr'><strong><em>δοθείη</em></strong></span> <span class='ocrx_word' id='word_1_234' title='bbox 2068 2681 2280 2746; x_wconf 75' lang='grc' dir='ltr'><strong><em>ἐξουσία</em></strong></span> <span class='ocrx_word' id='word_1_235' title='bbox 2317 2682 2464 2752; x_wconf 80' lang='grc' dir='ltr'><strong><em>αὐτῷ</em></strong></span> 
     </span>
    </p>

    <p class='ocr_par' dir='ltr' id='par_1_5' title="bbox 342 2751 2570 3183">
     <span class='ocr_line' id='line_1_24' title="bbox 343 2751 2463 2826; baseline 0 -18"><span class='ocrx_word' id='word_1_236' title='bbox 343 2753 405 2822; x_wconf 91' lang='grc' dir='ltr'><strong><em>Ο,</em></strong></span> <span class='ocrx_word' id='word_1_237' title='bbox 440 2754 581 2821; x_wconf 76' lang='grc' dir='ltr'><strong><em>αὐτῷ</em></strong></span> <span class='ocrx_word' id='word_1_238' title='bbox 619 2755 806 2824; x_wconf 69' lang='grc' dir='ltr'><strong><em>δοθείη</em></strong></span> <span class='ocrx_word' id='word_1_239' title='bbox 845 2753 1055 2817; x_wconf 74' lang='grc' dir='ltr'><strong><em>ἐξουσία</em></strong></span> <span class='ocrx_word' id='word_1_240' title='bbox 1093 2768 1208 2824; x_wconf 83' lang='lat' dir='ltr'><strong><em>wp,</em></strong></span> <span class='ocrx_word' id='word_1_241' title='bbox 1246 2752 1392 2822; x_wconf 78' lang='grc' dir='ltr'><strong><em>αὐτῷ</em></strong></span> <span class='ocrx_word' id='word_1_242' title='bbox 1429 2753 1641 2816; x_wconf 75' lang='grc' dir='ltr'><strong><em>ἐξουσία</em></strong></span> <span class='ocrx_word' id='word_1_243' title='bbox 1675 2754 1864 2823; x_wconf 71' lang='grc' dir='ltr'><strong><em>δοθείη</em></strong></span> <span class='ocrx_word' id='word_1_244' title='bbox 1903 2751 2014 2823; x_wconf 77' lang='lat' dir='ltr'><strong><em>Di3</em></strong></span> <span class='ocrx_word' id='word_1_245' title='bbox 2052 2769 2107 2809; x_wconf 80' lang='lat' dir='ltr'><strong><em>v.</em></strong></span> <span class='ocrx_word' id='word_1_246' title='bbox 2138 2752 2163 2808; x_wconf 92' lang='lat' dir='ltr'>I</span> <span class='ocrx_word' id='word_1_247' title='bbox 2191 2770 2247 2826; x_wconf 86' lang='lat' dir='ltr'><strong><em>p.</em></strong></span> <span class='ocrx_word' id='word_1_248' title='bbox 2268 2753 2463 2822; x_wconf 51' lang='lat'><strong>9212·</strong></span> 
     </span>
     <span class='ocr_line' id='line_1_25' title="bbox 344 2823 2570 2895; baseline -0 -17"><span class='ocrx_word' id='word_1_249' title='bbox 344 2824 455 2895; x_wconf 83' lang='grc'><strong><em>102,</em></strong></span> <span class='ocrx_word' id='word_1_250' title='bbox 493 2825 576 2880; x_wconf 87' lang='grc'><strong><em>22.</em></strong></span> <span class='ocrx_word' id='word_1_251' title='bbox 616 2825 737 2895; x_wconf 78' lang='grc'><strong><em>338,</em></strong></span> <span class='ocrx_word' id='word_1_252' title='bbox 782 2826 864 2880; x_wconf 83' lang='lat'><strong><em>13.</em></strong></span> <span class='ocrx_word' id='word_1_253' title='bbox 902 2824 1025 2894; x_wconf 82' lang='lat'><strong><em>421,</em></strong></span> <span class='ocrx_word' id='word_1_254' title='bbox 1065 2824 1151 2880; x_wconf 87' lang='grc'><strong><em>16.</em></strong></span> <span class='ocrx_word' id='word_1_255' title='bbox 1188 2824 1326 2881; x_wconf 93' lang='lat' dir='ltr'><strong><em>XVI</em></strong></span> <span class='ocrx_word' id='word_1_256' title='bbox 1356 2824 1415 2892; x_wconf 82' lang='grc' dir='ltr'><strong><em>Ι9,</em></strong></span> <span class='ocrx_word' id='word_1_257' title='bbox 1454 2824 1542 2879; x_wconf 78' lang='grc'><strong><em>25.</em></strong></span> <span class='ocrx_word' id='word_1_258' title='bbox 1584 2823 1783 2880; x_wconf 89' lang='lat' dir='ltr'>XVIII</span> <span class='ocrx_word' id='word_1_259' title='bbox 1820 2825 1907 2893; x_wconf 82' lang='lat'><strong><em>28,</em></strong></span> <span class='ocrx_word' id='word_1_260' title='bbox 1948 2826 2017 2880; x_wconf 90' lang='grc'><strong><em>10</em></strong></span> <span class='ocrx_word' id='word_1_261' title='bbox 2053 2830 2163 2881; x_wconf 87' lang='lat' dir='ltr'>cet.</span> <span class='ocrx_word' id='word_1_262' title='bbox 2239 2823 2485 2895; x_wconf 79' lang='lat' dir='ltr'>Optati·&#39;</span> <span class='ocrx_word' id='word_1_263' title='bbox 2565 2873 2570 2877; x_wconf 88' lang='lat'>.</span> 
     </span>
     <span class='ocr_line' id='line_1_26' title="bbox 344 2895 2463 2967; baseline 0.001 -18"><span class='ocrx_word' id='word_1_264' title='bbox 344 2911 477 2950; x_wconf 85' lang='lat' dir='ltr'><strong><em>vum</em></strong></span> <span class='ocrx_word' id='word_1_265' title='bbox 517 2902 576 2952; x_wconf 87' lang='lat' dir='ltr'><strong><em>et</em></strong></span> <span class='ocrx_word' id='word_1_266' title='bbox 614 2897 1070 2952; x_wconf 86' lang='lat' dir='ltr'>coniunctivum</span> <span class='ocrx_word' id='word_1_267' title='bbox 1098 2897 1416 2967; x_wconf 85' lang='lat' dir='ltr'>coniungit</span> <span class='ocrx_word' id='word_1_268' title='bbox 1443 2895 1655 2951; x_wconf 83' lang='lat' dir='ltr'>Zonar.</span> <span class='ocrx_word' id='word_1_269' title='bbox 1695 2896 1721 2951; x_wconf 93' lang='lat'>1</span> <span class='ocrx_word' id='word_1_270' title='bbox 1761 2911 1815 2967; x_wconf 88' lang='lat' dir='ltr'><strong><em>p.</em></strong></span> <span class='ocrx_word' id='word_1_271' title='bbox 1835 2897 1958 2966; x_wconf 85' lang='grc'><strong><em>307,</em></strong></span> <span class='ocrx_word' id='word_1_272' title='bbox 1982 2897 2064 2952; x_wconf 78' lang='lat'><strong><em>14.</em></strong></span> <span class='ocrx_word' id='word_1_273' title='bbox 2103 2895 2243 2952; x_wconf 90' lang='lat' dir='ltr'><strong><em>XIV</em></strong></span> <span class='ocrx_word' id='word_1_274' title='bbox 2270 2897 2354 2965; x_wconf 76' lang='lat'><strong><em>15,</em></strong></span> <span class='ocrx_word' id='word_1_275' title='bbox 2381 2897 2463 2952; x_wconf 79' lang='lat'><strong><em>14.</em></strong></span> 
     </span>
     <span class='ocr_line' id='line_1_27' title="bbox 342 2966 2462 3042; baseline 0.001 -20"><span class='ocrx_word' id='word_1_276' title='bbox 342 2966 531 3024; x_wconf 83' lang='lat' dir='ltr'>XVIII</span> <span class='ocrx_word' id='word_1_277' title='bbox 572 2968 711 3038; x_wconf 73' lang='lat'><strong><em>17,5</em></strong></span> <span class='ocrx_word' id='word_1_278' title='bbox 846 2975 979 3040; x_wconf 79' lang='lat' dir='ltr'>post</span> <span class='ocrx_word' id='word_1_279' title='bbox 1017 2969 1158 3039; x_wconf 70' lang='grc' dir='ltr'><strong><em>δοθῇ</em></strong></span> <span class='ocrx_word' id='word_1_280' title='bbox 1195 2983 1329 3023; x_wconf 74' lang='lat' dir='ltr'>csse</span> <span class='ocrx_word' id='word_1_281' title='bbox 1366 2967 1881 3042; x_wconf 71' lang='lat' dir='ltr'>distinguendum,</span> <span class='ocrx_word' id='word_1_282' title='bbox 1922 2984 2042 3025; x_wconf 86' lang='lat' dir='ltr'><strong><em>non</em></strong></span> <span class='ocrx_word' id='word_1_283' title='bbox 2083 2972 2219 3040; x_wconf 87' lang='lat' dir='ltr'>post</span> <span class='ocrx_word' id='word_1_284' title='bbox 2255 2974 2462 3038; x_wconf 78' lang='grc' dir='ltr'><strong><em>καιροῦ,</em></strong></span> 
     </span>
     <span class='ocr_line' id='line_1_28' title="bbox 343 3038 2459 3111; baseline 0.001 -19"><span class='ocrx_word' id='word_1_285' title='bbox 343 3039 555 3095; x_wconf 81' lang='lat' dir='ltr'>doccnt</span> <span class='ocrx_word' id='word_1_286' title='bbox 592 3047 652 3096; x_wconf 86' lang='lat' dir='ltr'><strong><em>et</em></strong></span> <span class='ocrx_word' id='word_1_287' title='bbox 689 3039 828 3097; x_wconf 84' lang='lat' dir='ltr'><strong><em>XIV</em></strong></span> <span class='ocrx_word' id='word_1_288' title='bbox 871 3038 953 3109; x_wconf 91' lang='grc'><strong><em>10,</em></strong></span> <span class='ocrx_word' id='word_1_289' title='bbox 986 3040 1053 3094; x_wconf 81' lang='grc'><strong><em>16</em></strong></span> <span class='ocrx_word' id='word_1_290' title='bbox 1091 3046 1152 3097; x_wconf 88' lang='lat' dir='ltr'>ct</span> <span class='ocrx_word' id='word_1_291' title='bbox 1190 3038 1364 3095; x_wconf 84' lang='lat' dir='ltr'>Ccdr.</span> <span class='ocrx_word' id='word_1_292' title='bbox 1403 3039 1428 3094; x_wconf 92' lang='lat'><strong>1</strong></span> <span class='ocrx_word' id='word_1_293' title='bbox 1470 3056 1526 3110; x_wconf 83' lang='lat' dir='ltr'><strong><em>p.</em></strong></span> <span class='ocrx_word' id='word_1_294' title='bbox 1563 3039 1803 3109; x_wconf 78' lang='lat'>681,5.&gt;3;</span> <span class='ocrx_word' id='word_1_295' title='bbox 1843 3041 1918 3096; x_wconf 81' lang='lat' dir='ltr'>cf.</span> <span class='ocrx_word' id='word_1_296' title='bbox 1959 3046 2280 3111; x_wconf 79' lang='lat' dir='ltr'>praetcrea</span> <span class='ocrx_word' id='word_1_297' title='bbox 2316 3039 2459 3102; x_wconf 83' lang='lat' dir='ltr'>Gro-</span> 
     </span>
     <span class='ocr_line' id='line_1_29' title="bbox 345 3109 2293 3183; baseline 0.001 -18"><span class='ocrx_word' id='word_1_298' title='bbox 345 3111 500 3166; x_wconf 79' lang='lat' dir='ltr'>bium</span> <span class='ocrx_word' id='word_1_299' title='bbox 541 3111 749 3168; x_wconf 70' lang='lat' dir='ltr'>Gesch.</span> <span class='ocrx_word' id='word_1_300' title='bbox 790 3112 849 3169; x_wconf 86' lang='lat' dir='ltr'><strong><em>d.</em></strong></span> <span class='ocrx_word' id='word_1_301' title='bbox 887 3113 1131 3169; x_wconf 68' lang='lat' dir='ltr'><strong><em>ostrvm.</em></strong></span> <span class='ocrx_word' id='word_1_302' title='bbox 1170 3109 1341 3167; x_wconf 69' lang='lat' dir='ltr'>Ii&#39;ais.</span> <span class='ocrx_word' id='word_1_303' title='bbox 1380 3109 1591 3168; x_wconf 74' lang='lat' dir='ltr'>Justin</span> <span class='ocrx_word' id='word_1_304' title='bbox 1630 3111 1710 3168; x_wconf 88' lang='lat'><strong><em>11.</em></strong></span> <span class='ocrx_word' id='word_1_305' title='bbox 1749 3109 1910 3183; x_wconf 73' lang='lat' dir='ltr'>Lips.</span> <span class='ocrx_word' id='word_1_306' title='bbox 1952 3113 2090 3168; x_wconf 79' lang='grc'><strong><em>1889</em></strong></span> <span class='ocrx_word' id='word_1_307' title='bbox 2128 3127 2184 3183; x_wconf 87' lang='lat' dir='ltr'><strong><em>p.</em></strong></span> <span class='ocrx_word' id='word_1_308' title='bbox 2221 3110 2293 3167; x_wconf 77' lang='lat'><strong><em>46</em></strong></span> 
     </span>
    </p>

    <p class='ocr_par' dir='ltr' id='par_1_6' title="bbox 406 3183 1046 3255">
     <span class='ocr_line' id='line_1_30' title="bbox 406 3183 1046 3255; baseline 0.011 -18"><span class='ocrx_word' id='word_1_309' title='bbox 406 3184 601 3255; x_wconf 72' lang='grc' dir='ltr'><strong><em>εὑρεθῆ</em></strong></span> <span class='ocrx_word' id='word_1_310' title='bbox 637 3183 710 3255; x_wconf 92' lang='lat' dir='ltr'><strong><em>D,</em></strong></span> <span class='ocrx_word' id='word_1_311' title='bbox 750 3200 904 3241; x_wconf 70' lang='lat' dir='ltr'>corr.</span> <span class='ocrx_word' id='word_1_312' title='bbox 942 3183 1046 3244; x_wconf 87' lang='lat' dir='ltr'><strong><em>Dw</em></strong></span> 
     </span>
    </p>
   </div>
   <div class='ocr_carea' id='block_1_5' title="bbox 241 3361 2655 4381">
    <p class='ocr_par' dir='ltr' id='par_1_7' title="bbox 475 3361 2290 3508">
     <span class='ocr_line' id='line_1_31' title="bbox 475 3361 2290 3435; baseline 0 -14"><span class='ocrx_word' id='word_1_313' title='bbox 475 3368 667 3431; x_wconf 72' lang='lat' dir='ltr'>Quam</span> <span class='ocrx_word' id='word_1_314' title='bbox 708 3365 883 3435; x_wconf 80' lang='lat' dir='ltr'>bens,</span> <span class='ocrx_word' id='word_1_315' title='bbox 921 3363 1129 3432; x_wconf 87' lang='lat' dir='ltr'>Roma,</span> <span class='ocrx_word' id='word_1_316' title='bbox 1169 3367 1385 3435; x_wconf 88' lang='lat' dir='ltr'>potens</span> <span class='ocrx_word' id='word_1_317' title='bbox 1421 3367 1530 3420; x_wconf 82' lang='lat' dir='ltr'><strong><em>tua</em></strong></span> <span class='ocrx_word' id='word_1_318' title='bbox 1567 3362 1766 3435; x_wconf 80' lang='lat' dir='ltr'>gloria</span> <span class='ocrx_word' id='word_1_319' title='bbox 1803 3361 2087 3432; x_wconf 86' lang='lat' dir='ltr'>constitit,</span> <span class='ocrx_word' id='word_1_320' title='bbox 2124 3362 2290 3421; x_wconf 77' lang='lat' dir='ltr'>unde</span> 
     </span>
     <span class='ocr_line' id='line_1_32' title="bbox 545 3435 2018 3508; baseline -0.004 -16"><span class='ocrx_word' id='word_1_321' title='bbox 545 3437 706 3494; x_wconf 84' lang='lat' dir='ltr'><strong>Euro</strong></span> <span class='ocrx_word' id='word_1_322' title='bbox 754 3453 827 3493; x_wconf 81' lang='lat' dir='ltr'><strong><em>ae</em></strong></span> <span class='ocrx_word' id='word_1_323' title='bbox 867 3441 1051 3508; x_wconf 81' lang='lat' dir='ltr'>atque</span> <span class='ocrx_word' id='word_1_324' title='bbox 1089 3435 1273 3493; x_wconf 83' lang='lat' dir='ltr'>Asiae</span> <span class='ocrx_word' id='word_1_325' title='bbox 1311 3436 1525 3492; x_wconf 79' lang='lat' dir='ltr'>fertilis</span> <span class='ocrx_word' id='word_1_326' title='bbox 1563 3452 1714 3491; x_wconf 82' lang='lat' dir='ltr'>arva</span> <span class='ocrx_word' id='word_1_327' title='bbox 1750 3440 1976 3507; x_wconf 85' lang='lat' dir='ltr'>patent.</span> <span class='ocrx_word' id='word_1_328' title='bbox 2013 3480 2018 3486; x_wconf 91' lang='lat'>.</span> 
     </span>
    </p>

    <p class='ocr_par' dir='ltr' id='par_1_8' title="bbox 241 3502 2655 4381">
     <span class='ocr_line' id='line_1_33' title="bbox 245 3502 2512 3581; baseline 0.003 -18"><span class='ocrx_word' id='word_1_329' title='bbox 245 3502 396 3564; x_wconf 82' lang='lat' dir='ltr'>Haec</span> <span class='ocrx_word' id='word_1_330' title='bbox 449 3511 664 3581; x_wconf 79' lang='lat' dir='ltr'>regina</span> <span class='ocrx_word' id='word_1_331' title='bbox 726 3509 930 3581; x_wconf 75' lang='lat' dir='ltr'>&#39;ophia</span> <span class='ocrx_word' id='word_1_332' title='bbox 972 3509 1421 3565; x_wconf 76' lang='lat' dir='ltr'>fenerat-oribus</span> <span class='ocrx_word' id='word_1_333' title='bbox 1472 3508 1755 3564; x_wconf 89' lang='lat' dir='ltr'>omnibus</span> <span class='ocrx_word' id='word_1_334' title='bbox 1804 3507 2148 3579; x_wconf 76' lang='lat' dir='ltr'>perquisitis</span> <span class='ocrx_word' id='word_1_335' title='bbox 2202 3513 2260 3565; x_wconf 75' lang='lat' dir='ltr'>ct</span> <span class='ocrx_word' id='word_1_336' title='bbox 2318 3508 2512 3570; x_wconf 64' lang='lat' dir='ltr'>aero?</span> 
     </span>
     <span class='ocr_line' id='line_1_34' title="bbox 246 3579 2461 3654; baseline 0.002 -21"><span class='ocrx_word' id='word_1_337' title='bbox 246 3580 444 3651; x_wconf 84' lang='lat' dir='ltr'>alieno,</span> <span class='ocrx_word' id='word_1_338' title='bbox 501 3582 665 3653; x_wconf 83' lang='lat' dir='ltr'>quod</span> <span class='ocrx_word' id='word_1_339' title='bbox 716 3582 787 3637; x_wconf 89' lang='lat' dir='ltr'><strong><em>iis</em></strong></span> <span class='ocrx_word' id='word_1_340' title='bbox 836 3582 966 3637; x_wconf 80' lang='lat' dir='ltr'>sive</span> <span class='ocrx_word' id='word_1_341' title='bbox 1014 3596 1092 3638; x_wconf 85' lang='lat' dir='ltr'><strong><em>ex</em></strong></span> <span class='ocrx_word' id='word_1_342' title='bbox 1143 3582 1511 3654; x_wconf 76' lang='lat' dir='ltr'>syngraphis</span> <span class='ocrx_word' id='word_1_343' title='bbox 1549 3582 1679 3636; x_wconf 81' lang='lat' dir='ltr'>sive</span> <span class='ocrx_word' id='word_1_344' title='bbox 1717 3579 2077 3651; x_wconf 81' lang='lat' dir='ltr'>pignoribus</span> <span class='ocrx_word' id='word_1_345' title='bbox 2115 3580 2326 3652; x_wconf 87' lang='lat' dir='ltr'>positis</span> <span class='ocrx_word' id='word_1_346' title='bbox 2363 3579 2461 3637; x_wconf 83' lang='lat' dir='ltr'><strong><em>de·</em></strong></span> 
     </span>
     <span class='ocr_line' id='line_1_35' title="bbox 246 3649 2462 3725; baseline 0.001 -19"><span class='ocrx_word' id='word_1_347' title='bbox 246 3649 489 3722; x_wconf 73' lang='lat' dir='ltr'>bei-etur,</span> <span class='ocrx_word' id='word_1_348' title='bbox 545 3654 749 3710; x_wconf 82' lang='lat' dir='ltr'>debita</span> <span class='ocrx_word' id='word_1_349' title='bbox 789 3654 865 3710; x_wconf 86' lang='lat' dir='ltr'>dc</span> <span class='ocrx_word' id='word_1_350' title='bbox 903 3669 1015 3710; x_wconf 88' lang='lat' dir='ltr'><strong><em>suo</em></strong></span> <span class='ocrx_word' id='word_1_351' title='bbox 1055 3653 1345 3723; x_wconf 80' lang='lat' dir='ltr'>dissolvit,</span> <span class='ocrx_word' id='word_1_352' title='bbox 1400 3654 1658 3725; x_wconf 82' lang='lat' dir='ltr'>pignora</span> <span class='ocrx_word' id='word_1_353' title='bbox 1695 3657 1948 3724; x_wconf 80' lang='lat' dir='ltr'>accepta</span> <span class='ocrx_word' id='word_1_354' title='bbox 2003 3650 2259 3708; x_wconf 74' lang='lat' dir='ltr'>‹loniinis</span> <span class='ocrx_word' id='word_1_355' title='bbox 2296 3654 2462 3709; x_wconf 80' lang='lat' dir='ltr'>resti·</span> 
     </span>
     <span class='ocr_line' id='line_1_36' title="bbox 244 3723 2515 3799; baseline 0.003 -21"><span class='ocrx_word' id='word_1_356' title='bbox 244 3725 347 3780; x_wconf 85' lang='lat' dir='ltr'>tuit</span> <span class='ocrx_word' id='word_1_357' title='bbox 380 3731 439 3782; x_wconf 84' lang='lat' dir='ltr'><strong><em>et</em></strong></span> <span class='ocrx_word' id='word_1_358' title='bbox 475 3727 858 3799; x_wconf 79' lang='lat' dir='ltr'>syngraphas</span> <span class='ocrx_word' id='word_1_359' title='bbox 907 3729 1100 3782; x_wconf 75' lang='lat' dir='ltr'>saetas</span> <span class='ocrx_word' id='word_1_360' title='bbox 1146 3726 1431 3783; x_wconf 83' lang='lat' dir='ltr'>abolcvit.</span> <span class='ocrx_word' id='word_1_361' title='bbox 1507 3723 1625 3781; x_wconf 87' lang='lat' dir='ltr'><strong><em>Sed</em></strong></span> <span class='ocrx_word' id='word_1_362' title='bbox 1664 3739 1773 3780; x_wconf 86' lang='lat' dir='ltr'>rcx</span> <span class='ocrx_word' id='word_1_363' title='bbox 1814 3738 1949 3779; x_wconf 77' lang='lat' dir='ltr'>cuin</span> <span class='ocrx_word' id='word_1_364' title='bbox 1988 3730 2145 3784; x_wconf 78' lang='lat' dir='ltr'>essct</span> <span class='ocrx_word' id='word_1_365' title='bbox 2184 3723 2515 3784; x_wconf 62' lang='lat' dir='ltr'>morbidae</span> 
     </span>
     <span class='ocr_line' id='line_1_37' title="bbox 244 3795 2461 3872; baseline 0 -20"><span class='ocrx_word' id='word_1_366' title='bbox 244 3809 478 3872; x_wconf 80' lang='lat' dir='ltr'>corpore</span> <span class='ocrx_word' id='word_1_367' title='bbox 518 3815 717 3870; x_wconf 79' lang='lat' dir='ltr'>neque</span> <span class='ocrx_word' id='word_1_368' title='bbox 756 3802 1109 3871; x_wconf 76' lang='lat' dir='ltr'>frequenter</span> <span class='ocrx_word' id='word_1_369' title='bbox 1147 3799 1207 3854; x_wconf 88' lang='lat' dir='ltr'>in</span> <span class='ocrx_word' id='word_1_370' title='bbox 1249 3799 1557 3872; x_wconf 79' lang='lat' dir='ltr'>pubiicum</span> <span class='ocrx_word' id='word_1_371' title='bbox 1598 3796 1883 3869; x_wconf 78' lang='lat' dir='ltr'>prodii-ct,</span> <span class='ocrx_word' id='word_1_372' title='bbox 1939 3797 2157 3859; x_wconf 82' lang='lat' dir='ltr'>multos</span> <span class='ocrx_word' id='word_1_373' title='bbox 2195 3795 2276 3854; x_wconf 81' lang='lat' dir='ltr'><strong><em>ad</em></strong></span> <span class='ocrx_word' id='word_1_374' title='bbox 2314 3796 2461 3853; x_wconf 73' lang='lat' dir='ltr'>infe·</span> 
     </span>
     <span class='ocr_line' id='line_1_38' title="bbox 241 3868 2461 3943; baseline 0.002 -21"><span class='ocrx_word' id='word_1_375' title='bbox 241 3871 472 3926; x_wconf 82' lang='lat' dir='ltr'>rendam</span> <span class='ocrx_word' id='word_1_376' title='bbox 512 3873 643 3927; x_wconf 82' lang='lat' dir='ltr'>aliis</span> <span class='ocrx_word' id='word_1_377' title='bbox 681 3873 981 3942; x_wconf 84' lang='lat' dir='ltr'>iniuriam,</span> <span class='ocrx_word' id='word_1_378' title='bbox 1039 3874 1213 3943; x_wconf 86' lang='lat' dir='ltr'>quasi</span> <span class='ocrx_word' id='word_1_379' title='bbox 1260 3870 1461 3927; x_wconf 80' lang='lat' dir='ltr'>nullus</span> <span class='ocrx_word' id='word_1_380' title='bbox 1499 3885 1706 3926; x_wconf 81' lang='lat' dir='ltr'>carum</span> <span class='ocrx_word' id='word_1_381' title='bbox 1768 3868 1993 3925; x_wconf 79' lang='lat' dir='ltr'>vindex</span> <span class='ocrx_word' id='word_1_382' title='bbox 2050 3875 2224 3938; x_wconf 79' lang='lat' dir='ltr'>esset,</span> <span class='ocrx_word' id='word_1_383' title='bbox 2279 3869 2461 3926; x_wconf 73' lang='lat' dir='ltr'>suda·</span> 
     </span>
     <span class='ocr_line' id='line_1_39' title="bbox 241 3941 2513 4016; baseline 0.003 -22"><span class='ocrx_word' id='word_1_384' title='bbox 241 3941 419 3998; x_wconf 83' lang='lat' dir='ltr'>ciorcs</span> <span class='ocrx_word' id='word_1_385' title='bbox 446 3944 721 4000; x_wconf 78' lang='lat' dir='ltr'>reddidit.</span> <span class='ocrx_word' id='word_1_386' title='bbox 773 3944 922 4000; x_wconf 88' lang='lat' dir='ltr'><strong><em>Cum</em></strong></span> <span class='ocrx_word' id='word_1_387' title='bbox 943 3951 1147 4000; x_wconf 74' lang='lat' dir='ltr'>autem</span> <span class='ocrx_word' id='word_1_388' title='bbox 1168 3943 1497 4014; x_wconf 81' lang='lat' dir='ltr'>aliquando</span> <span class='ocrx_word' id='word_1_389' title='bbox 1521 3956 1881 4014; x_wconf 81' lang='lat' dir='ltr'>progressus</span> <span class='ocrx_word' id='word_1_390' title='bbox 1913 3957 1949 3997; x_wconf 84' lang='lat' dir='ltr'>a</span> <span class='ocrx_word' id='word_1_391' title='bbox 1977 3942 2178 4016; x_wconf 85' lang='lat' dir='ltr'>multis</span> <span class='ocrx_word' id='word_1_392' title='bbox 2200 3945 2513 4002; x_wconf 63' lang='lat' dir='ltr'>vexatum</span> 
     </span>
     <span class='ocr_line' id='line_1_40' title="bbox 242 4011 2655 4088; baseline 0.003 -21"><span class='ocrx_word' id='word_1_393' title='bbox 242 4020 386 4070; x_wconf 74' lang='lat' dir='ltr'>essct</span> <span class='ocrx_word' id='word_1_394' title='bbox 404 4014 477 4071; x_wconf 84' lang='lat' dir='ltr'>dc</span> <span class='ocrx_word' id='word_1_395' title='bbox 497 4018 727 4072; x_wconf 86' lang='lat' dir='ltr'>iniuriis</span> <span class='ocrx_word' id='word_1_396' title='bbox 749 4016 1263 4088; x_wconf 80' lang='lat' dir='ltr'>conquerentibus</span> <span class='ocrx_word' id='word_1_397' title='bbox 1285 4016 1484 4087; x_wconf 85' lang='lat' dir='ltr'>deque</span> <span class='ocrx_word' id='word_1_398' title='bbox 1505 4016 1576 4072; x_wconf 88' lang='lat' dir='ltr'><strong><em>iis</em></strong></span> <span class='ocrx_word' id='word_1_399' title='bbox 1597 4014 1978 4070; x_wconf 76' lang='lat' dir='ltr'>vindicandis</span> <span class='ocrx_word' id='word_1_400' title='bbox 1998 4015 2314 4085; x_wconf 72' lang='lat' dir='ltr'><strong><em>cogitaret,</em></strong></span> <span class='ocrx_word' id='word_1_401' title='bbox 2333 4015 2460 4086; x_wconf 86' lang='lat' dir='ltr'>qui·</span> <span class='ocrx_word' id='word_1_402' title='bbox 2483 4017 2560 4076; x_wconf 82' lang='grc'><strong><em>10.</em></strong></span> <span class='ocrx_word' id='word_1_403' title='bbox 2597 4011 2655 4075; x_wconf 84' lang='lat' dir='ltr'>n</span> 
     </span>
     <span class='ocr_line' id='line_1_41' title="bbox 242 4084 2510 4162; baseline 0.002 -23"><span class='ocrx_word' id='word_1_404' title='bbox 242 4084 368 4142; x_wconf 86' lang='lat' dir='ltr'><strong><em>dam</em></strong></span> <span class='ocrx_word' id='word_1_405' title='bbox 405 4088 482 4144; x_wconf 88' lang='lat' dir='ltr'><strong><em>ad</em></strong></span> <span class='ocrx_word' id='word_1_406' title='bbox 521 4105 655 4145; x_wconf 85' lang='lat' dir='ltr'><strong><em>eum</em></strong></span> <span class='ocrx_word' id='word_1_407' title='bbox 679 4093 949 4159; x_wconf 77' lang='lat' dir='ltr'>accessit,</span> <span class='ocrx_word' id='word_1_408' title='bbox 990 4091 1093 4162; x_wconf 90' lang='lat' dir='ltr'>qui</span> <span class='ocrx_word' id='word_1_409' title='bbox 1121 4089 1538 4162; x_wconf 75' lang='lat' dir='ltr'>pollicebatur,</span> <span class='ocrx_word' id='word_1_410' title='bbox 1578 4089 1625 4143; x_wconf 81' lang='lat' dir='ltr'>si</span> <span class='ocrx_word' id='word_1_411' title='bbox 1655 4090 1999 4159; x_wconf 74' lang='lat' dir='ltr'>praefectus</span> <span class='ocrx_word' id='word_1_412' title='bbox 2020 4093 2261 4143; x_wconf 74' lang='lat' dir='ltr'>creatus</span> <span class='ocrx_word' id='word_1_413' title='bbox 2299 4091 2461 4144; x_wconf 87' lang='lat' dir='ltr'>esset</span> <span class='ocrx_word' id='word_1_414' title='bbox 2499 4095 2510 4105; x_wconf 88' lang='grc'><em>·</em></span> 
     </span>
     <span class='ocr_line' id='line_1_42' title="bbox 243 4159 2456 4234; baseline 0.002 -22"><span class='ocrx_word' id='word_1_415' title='bbox 243 4163 297 4213; x_wconf 86' lang='lat' dir='ltr'>ct</span> <span class='ocrx_word' id='word_1_416' title='bbox 331 4167 682 4229; x_wconf 71' lang='lat' dir='ltr'>potestatum</span> <span class='ocrx_word' id='word_1_417' title='bbox 723 4163 781 4219; x_wconf 90' lang='lat' dir='ltr'>in</span> <span class='ocrx_word' id='word_1_418' title='bbox 813 4179 1021 4219; x_wconf 85' lang='lat' dir='ltr'>omncs</span> <span class='ocrx_word' id='word_1_419' title='bbox 1042 4162 1392 4234; x_wconf 80' lang='lat' dir='ltr'>accepisset,</span> <span class='ocrx_word' id='word_1_420' title='bbox 1433 4162 1592 4218; x_wconf 84' lang='lat' dir='ltr'>intra</span> <span class='ocrx_word' id='word_1_421' title='bbox 1631 4168 1859 4217; x_wconf 79' lang='lat' dir='ltr'>certum</span> <span class='ocrx_word' id='word_1_422' title='bbox 1900 4159 2456 4233; x_wconf 76' lang='lat' dir='ltr'>tcmpusncniincm</span> 
     </span>
     <span class='ocr_line' id='line_1_43' title="bbox 243 4228 2546 4304; baseline 0.004 -23"><span class='ocrx_word' id='word_1_423' title='bbox 243 4228 538 4289; x_wconf 80' lang='lat' dir='ltr'>inventum</span> <span class='ocrx_word' id='word_1_424' title='bbox 576 4236 665 4304; x_wconf 79' lang='lat' dir='ltr'>irI,</span> <span class='ocrx_word' id='word_1_425' title='bbox 722 4237 817 4292; x_wconf 90' lang='lat' dir='ltr'><strong><em>cui</em></strong></span> <span class='ocrx_word' id='word_1_426' title='bbox 859 4238 1030 4293; x_wconf 79' lang='lat' dir='ltr'>iierct</span> <span class='ocrx_word' id='word_1_427' title='bbox 1067 4235 1305 4292; x_wconf 87' lang='lat' dir='ltr'>iniuria.</span> <span class='ocrx_word' id='word_1_428' title='bbox 1378 4234 1468 4290; x_wconf 77' lang='lat' dir='ltr'><strong><em>Ea</em></strong></span> <span class='ocrx_word' id='word_1_429' title='bbox 1530 4233 1935 4289; x_wconf 80' lang='lat' dir='ltr'>›oiiicitationo</span> <span class='ocrx_word' id='word_1_430' title='bbox 1973 4231 2309 4289; x_wconf 76' lang='lat' dir='ltr'>delectatus</span> <span class='ocrx_word' id='word_1_431' title='bbox 2346 4246 2455 4287; x_wconf 81' lang='lat' dir='ltr'><strong><em>rex</em></strong></span> <span class='ocrx_word' id='word_1_432' title='bbox 2472 4231 2546 4304; x_wconf 50' lang='grc' dir='ltr'><strong><em>ν12</em></strong></span> 
     </span>
     <span class='ocr_line' id='line_1_44' title="bbox 243 4299 2543 4381; baseline 0.004 -28"><span class='ocrx_word' id='word_1_433' title='bbox 243 4299 708 4364; x_wconf 71' lang='lat' dir='ltr'>iimiuinomincm</span> <span class='ocrx_word' id='word_1_434' title='bbox 734 4310 1106 4381; x_wconf 74' lang='lat' dir='ltr'>praesectum</span> <span class='ocrx_word' id='word_1_435' title='bbox 1136 4307 1434 4378; x_wconf 72' lang='lat' dir='ltr'>designat.</span> <span class='ocrx_word' id='word_1_436' title='bbox 1539 4324 1566 4361; x_wconf 68' lang='lat' dir='ltr'>a</span> <span class='ocrx_word' id='word_1_437' title='bbox 1606 4320 1738 4362; x_wconf 76' lang='lat' dir='ltr'>cuin</span> <span class='ocrx_word' id='word_1_438' title='bbox 1782 4320 1888 4378; x_wconf 80' lang='lat' dir='ltr'><strong><em>pro</em></strong></span> <span class='ocrx_word' id='word_1_439' title='bbox 1912 4305 2192 4361; x_wconf 81' lang='lat' dir='ltr'>tribunali</span> <span class='ocrx_word' id='word_1_440' title='bbox 2215 4303 2455 4361; x_wconf 73' lang='lat' dir='ltr'>sederet</span> <span class='ocrx_word' id='word_1_441' title='bbox 2480 4304 2543 4362; x_wconf 76' lang='lat'><strong><em>¹8</em></strong></span> 
     </span>
    </p>
   </div>
  </div>
 </body>
</html>
