2870 4966
439 259 511 331 ιε
1014 255 1290 332 zoam.
1329 202 1529 334 nm.
1568 257 1715 330 xm
1750 262 1803 343 a,
1838 255 2044 343 28-4,.
2068 257 2120 330 ι.

436 455 579 525 ναοὶ
638 456 709 524 δὲ
766 457 835 524 ἔν
889 456 1050 543 αὐτῇ
1101 451 1255 541 παρ’
1314 456 1524 537 αὑτοῦ,
1566 456 2061 543 καθιδρύθησαν
2113 454 2222 521 καὶ
2272 453 2474 523 πολλὰ
2529 449 2695 543 πρὸς

345 565 417 626 24
435 560 684 646 κόσμον
725 560 955 647 ταύτης
991 560 1336 646 γεγόνασιν,
1385 560 1486 626 ἐπὶ
1530 565 1681 626 πᾶσι
1729 561 1799 627 δὲ
1843 560 1952 627 καὶ
1981 560 2020 626 ό
2048 558 2434 647 κυκλοτερὴς
2462 558 2625 626 κίων
2654 558 2693 626 ό

432 668 833 750 πορφυροῦς,
868 665 943 730 ὃν
966 664 1039 730 ἔκ
1062 663 1334 750 Ῥώμης,
1367 664 1463 736 ὡς
1484 664 1692 750 λόγος,
1725 663 2108 749 κομισθέντα
2129 652 2293 733 ’κατὰ
2315 662 2430 749 τὴν
2451 661 2694 748 ἀγοράν

433 769 706 855 ἔστησεν,
754 770 794 854 ἢ
827 768 1249 853 κατέστρωται
1279 767 1542 840 λιθίναις
1584 768 1827 852 πλαξίν,
1860 762 1974 852 ἀφ’
2008 764 2105 832 ὧν
2135 765 2497 832 Πλακωτόν
2523 789 2691 851 παρ-

435 870 824 956 ωνόμασται·
897 870 1006 936 καὶ
1051 866 1148 936 ἔπ’
1197 871 1393 936 αὐτοῦ
1440 871 1712 956 χάλκεον
1756 870 2075 956 ἕνίδρυσεν
2120 869 2392 954 ἄγαλμα,
2461 869 2688 954 θαῦμα
2710 879 2747 936 5

342 983 416 1042 25
433 973 683 1040 ἰδέσθαι
730 973 831 1039 διά
876 997 942 1040 τε
986 973 1100 1059 τὴν
1143 974 1365 1059 τέχνην
1420 973 1522 1039 διά
1568 999 1632 1039 τε
1675 973 1748 1040 τὸ
1791 974 2083 1060 μέγεθος.
2174 972 2246 1037 τὸ
2275 972 2395 1056 μὲν
2426 971 2547 1056 γάρ
2577 997 2687 1038 πε-

431 1076 668 1160 λώριον
732 1075 832 1162 ἦν,
902 1077 942 1162 ἡ
1011 1076 1081 1141 δὲ
1149 1077 1474 1161 ἀκρίβειαν
1543 1077 1786 1143 ἐδείκνυ
1851 1075 2061 1162 χειρὸς
2124 1075 2391 1161 ἀρχαίας
2452 1082 2688 1160 μικροῦ

430 1178 821 1264 πλαττούσης
863 1178 971 1243 καὶ
1002 1180 1274 1263 ἔμπνοα·
1322 1178 1557 1264 λέγεται
1606 1179 1675 1245 δὲ
1720 1186 1831 1245 τοῦ
1856 1178 2255 1251 ’Λπόλλωνος
2300 1176 2456 1249 εἶναι,
2496 1178 2686 1264 στήλη

118 1291 184 1350 P
212 1280 503 1350 ΠΒΑτὸ
557 1280 811 1366 ἄγαλμα
864 1280 973 1346 καὶ
1026 1282 1475 1367 μετενεχθῆναι
1531 1282 1660 1347 ἀπὸ
1713 1289 1823 1367 τῆς
1882 1283 1950 1346 ἐν
2006 1288 2083 1367 τῇ
2137 1281 2386 1364 Φρυγίᾳ
2431 1280 2690 1354 ,πόλεως

341 1396 413 1453 26
430 1389 543 1449 τοῦ
593 1383 798 1450 Ἰλίου.
910 1384 948 1449 ό
1004 1385 1074 1449 δὲ
1137 1386 1462 1457 θειότατος
1525 1386 1942 1468 αι’»τοκράτωρ
2008 1384 2245 1456 ἐκεῖνος
2307 1385 2394 1455 εἷς
2457 1385 2689 1450 οἰκεῖον
2710 1395 2781 1452 10

431 1487 639 1570 ὄνομα
693 1485 766 1552 τὸ
822 1486 1076 1572 ἄγαλμα
1132 1489 1368 1573 ἔστησε,
1424 1494 1500 1573 τῇ
1554 1488 1802 1573 κεφαλῇ
1856 1489 2082 1553 τούτου
2128 1486 2295 1559 τινὰς
2339 1491 2468 1552 τῶν
2513 1485 2764 1572 ἥλωνῙ)
2792 1493 2855 1551 111

432 1590 968 1675 ἐναρμοσάμενος,
1024 1593 1092 1655 οἳ
1135 1590 1208 1656 τὸ
1258 1597 1449 1677 σῶμα
1494 1597 1607 1656 τοῦ
1653 1591 1879 1675 κυρίου
1925 1590 2551 1676 προσεπαττάλευσαν
2595 1597 2690 1675 τῷ

431 1694 732 1780 σωτηρίῳ
777 1702 1061 1780 σταυρῷ·
1109 1696 1147 1759 δ
1192 1694 1300 1760 καὶ
1344 1696 1566 1781 μέχρις
1611 1696 1801 1780 ἡμῶν
1845 1695 2172 1780 διήρκεσεν
2202 1694 2302 1758 ἐπὶ
2332 1700 2443 1760 τοῦ
2474 1694 2690 1766 κίονος

339 1811 412 1869 27
432 1798 709 1883 ἑστηκός.
812 1799 1108 1865 πέπτωκε
1174 1799 1243 1865 δὲ
1305 1798 1744 1885 βασιλεύοντος
1799 1798 2076 1873 Ἀλεξίου
2139 1803 2251 1863 τοῦ
2317 1800 2685 1884 Κομνηνοῦ,
2757 1876 2760 1880 ⁴

433 1902 673 1987 ἀνέμου
725 1903 1108 1977 πνεύσαντος
1152 1904 1362 1988 βιαίου
1407 1927 1473 1969 τε
1516 1902 1625 1970 καὶ
1671 1903 1989 1988 σφοδροῦ·
2062 1902 2320 1968 κάκεῖνό
2365 1927 2430 1968 τε
2475 1904 2686 1969 συντέ-
2710 1909 2779 1967 15

338 2020 414 2078 28
431 2030 644 2090 τριπτο
697 2006 806 2072 καὶ
862 2005 1136 2080 πολλοὺς
1197 2012 1327 2072 τῶν
1392 2007 1529 2072 ἐκεῖ
1581 2007 2083 2092 παρατυχόντων
2142 2008 2487 2092 συνέτριψε.
2580 2007 2688 2073 καὶ

430 2109 503 2176 τὸ
548 2109 916 2177 Παλλάδιον
962 2111 1032 2177 δὲ
1077 2111 1206 2177 άπὸ
1251 2118 1361 2198 τῆς
1417 2111 1653 2196 Τροίας
1703 2111 2044 2196 μετήνεγκε
2097 2104 2230 2177 καί
2264 2111 2331 2176 ἕν
2383 2117 2459 2197 τῇ
2506 2110 2686 2177 Πλα-

434 2221 613 2301 κωτῇ
657 2213 767 2282 καὶ
811 2220 996 2282 τοῦτο
1042 2216 1295 2302 ἔστησεν
1340 2216 1564 2301 ἀγορᾷ.
1627 2250 1632 2256 ·
1673 2219 1678 2226 ’
1996 2259 1999 2262 -
2493 2253 2498 2260 ·

432 2410 502 2469 18
536 2412 658 2485 περὶ
693 2419 787 2469 τοῦ
821 2419 1210 2486 πατριαρχικοῢ
1246 2412 1450 2485 θρόνου
1487 2418 1580 2485 τῆς
1614 2413 1733 2474 νέας
1756 2411 1978 2485 Ῥώμης
2015 2410 2062 2470 C

542 2592 569 2648 1
607 2591 736 2664 παρ’
773 2593 936 2650 αὖτοῢ
966 2593 1023 2649 ἕν
1048 2593 1182 2665 αὐτῇ
1219 2592 1367 2667 pr
1513 2592 1549 2649 2
1586 2594 1679 2651 καὶ
1718 2610 1831 2651 om.
1859 2593 1908 2650 B
2052 2593 2088 2650 4
2126 2598 2265 2667 post
2301 2592 2380 2650 ὧν
2417 2593 2558 2651 add.
2594 2594 2688 2653 καὶ

539 2664 687 2736 pr
859 2672 1002 2722 ante
1030 2666 1322 2721 ’πλακωτδν
1357 2665 1497 2724 add.
1537 2667 1570 2721 ὅ
1603 2665 1659 2721 D
1830 2668 2206 2738 κατωνόμασαι
2246 2665 2378 2736 (flio)
2421 2665 2493 2737 D,
2532 2683 2686 2725 corr·

535 2734 641 2797 Dw
754 2737 790 2793 5
826 2737 921 2794 nal
949 2753 1062 2794 om.
1085 2736 1133 2792 B
1240 2736 1370 2807 παρ’
1389 2737 1537 2793 αὐτῶ
1564 2737 1637 2809 D,
1678 2752 1830 2795 corr.
1853 2738 1956 2798 Dw
2067 2739 2101 2794 6
2138 2738 2405 2809 πελώριον
2427 2736 2687 2811 ltwpDi,

533 2807 865 2865 πελῶνιονΑ
975 2811 1011 2864 8
1047 2809 1372 2880 πλαττούσης
1399 2808 1624 2881 ΑῙίννι),
1660 2809 1958 2880 πλατούσης
1984 2808 2057 2879 D,
2092 2809 2557 2881 παραλλαττοῦσης
2584 2808 2687 2872 Dw

607 2887 701 2936 τοῦ
720 2879 844 2950 AR,
882 2879 974 2937 καί
996 2880 1149 2953 DWp
1295 2881 1493 2952 στήλην
1522 2878 1766 2951 prDi
1910 2883 1954 2942 9*
1984 2888 2046 2953 τῇ
2084 2896 2197 2939 om.
2222 2882 2275 2937 l)
2409 2882 2477 2937 10
2512 2881 2685 2952 Ἰλίου]

527 2951 715 3007 Ἠλίου
762 2953 1109 3024 suspicatur
1155 2950 1521 3009 Lainboelus
1569 2952 1649 3009 ad
1689 2952 1899 3011 Codln.
1951 2952 2028 3008 de
2078 2955 2308 3026 antiqu.
2349 2951 2687 3011 Constanti·

536 3024 740 3096 nopol.
780 3040 835 3096 1).
873 3023 962 3094 41,
1004 3023 1099 3094 103
1155 3023 1264 3080 sed
1304 3040 1358 3082 v.
1401 3023 1600 3081 Malal.
1639 3039 1696 3098 p.
1734 3024 1857 3095 2320,
1900 3023 1968 3081 12
1987 3040 2033 3082 s.
2263 3024 2328 3083 14
2366 3023 2426 3082 δὲ
2463 3024 2686 3099 Altwp,
2756 3089 2760 3095 ,

536 3094 636 3167 γὰρ
674 3093 723 3150 Β
872 3096 942 3152 18
977 3095 1199 3167 ἔστηκεν
1237 3095 1284 3152 Ε

333 3291 615 3351 23multo
654 3294 948 3351 maiorem
987 3309 1122 3351 eam
1160 3293 1443 3351 reddidit.
1518 3294 1612 3351 Ita
1651 3295 1877 3366 templa
1913 3292 2331 3351 inaedificavit
2376 3299 2444 3351 et*
2482 3295 2687 3352 multis

295 3382 299 3385 ’
333 3364 410 3421 24
426 3367 611 3423 rebus
648 3366 863 3423 urbem
886 3367 1230 3435 adornavit,
1271 3367 1537 3439 deniquo
1574 3372 1829 3424 teretem
1863 3366 2024 3422 illam
2053 3365 2396 3421 columnam
2426 3368 2690 3439 porphy·‚

425 3440 677 3495 retinam
704 3438 916 3509 Roma,
955 3444 1026 3494 ut
1055 3440 1277 3508 serunt,
1318 3440 1563 3495 allatam
1591 3440 1651 3495 in
1681 3441 1815 3495 foro
1848 3438 2102 3510 lapideis
2135 3436 2377 3494 laminis·
2411 3441 2684 3508 instrato,

424 3511 590 3566 unde
619 3510 913 3567 Placoton
951 3513 1331 3566 nominatum
1370 3516 1478 3582 est,
1519 3513 1723 3584 posuit
1762 3517 1821 3567 et
1859 3512 1921 3566 in
1961 3525 2036 3566 ea
2074 3509 2466 3566 simulacrum
2508 3511 2686 3567 eollo-

428 3583 591 3639 eavit
631 3588 893 3640 alinemn
931 3584 1337 3639 admiratione
1377 3584 1633 3654 dignum
1672 3589 1731 3640 et
1771 3583 1847 3640 de
1887 3588 2019 3638 arte
2048 3590 2108 3638 et
2138 3582 2214 3636 de
2240 3583 2685 3652 magnitudine.

333 3652 408 3710 25
427 3654 578 3712 Nam
605 3655 753 3712 illud
780 3661 841 3711 et
868 3661 1001 3713 erat
1027 3656 1388 3712 colossieum
1416 3663 1477 3712 et
1503 3670 1603 3712 ars
1630 3655 1958 3713 sollertiam
1987 3654 2447 3711 demonstrabat
2468 3671 2683 3711 manus

427 3729 717 3798 antiquae
744 3744 941 3801 paene
970 3729 1366 3799 exprimentis
1388 3729 1568 3802 etiam
1591 3730 1889 3793 vivent-im
1918 3728 2140 3783 dicitur
2160 3731 2365 3781 autem
2387 3726 2683 3798 Apollinis

427 3816 560 3856 esse
597 3806 801 3856 statua
840 3801 956 3857 hoe
993 3801 1384 3857 simulacrum
1422 3800 1502 3855 ab
1530 3800 1640 3857 llio
1666 3800 1972 3872 Phrygiae
2000 3800 2155 3855 urbe
2183 3806 2680 3869 transportatum.

331 3870 407 3927 26
427 3870 547 3930 Sed
581 3873 825 3928 divinus
862 3875 1193 3945 imperator
1230 3873 1328 3929 ille
1367 3888 1545 3928 suum
1595 3873 1677 3928 illi
1721 3889 1944 3929 nomen
1992 3872 2211 3928 indidit
2258 3873 2442 3941 capiti
2492 3873 2681 3928 clavis

429 3945 791 4017 quibusdam
821 3946 1079 4015 insertiS,
1118 3946 1223 4016 qui
1252 3961 1475 4016 corpus
1504 3945 1729 4001 domini
1757 3946 2111 4001 salutiferae
2138 3945 2305 4000 eruci
2333 3943 2678 4013 affixerant3

427 4018 579 4072 haee
617 4022 820 4073 statua
859 4019 1042 4073 etiam
1080 4033 1277 4088 usque
1317 4017 1395 4072 ad
1434 4022 1644 4072 nostra
1683 4023 1958 4089 tempora
1998 4018 2339 4089 permansit.
2359 4016 2679 4071 columnae

330 4088 406 4145 27
428 4090 728 4145 insistenti.
806 4088 924 4162 Sed
953 4092 1066 4145 sub
1095 4090 1310 4145 Alexio
1339 4088 1669 4160 comneno,
1710 4106 1847 4145 eum
1875 4096 2097 4156 ventus
2132 4090 2337 4143 flasset
2375 4088 2680 4144 violentus

428 4176 502 4217 ac
552 4161 897 4231 vehemens,
956 4163 1201 4232 cecidit3
1258 4178 1461 4232 neque
1518 4164 1651 4233 ipsa
1712 4163 1906 4218 solum
1965 4163 2337 4218 comminuta
2388 4165 2519 4215 erat
2571 4161 2679 4215 sed

332 4234 609 4296 28etiam
661 4234 897 4302 multos,
952 4236 1055 4307 qui
1108 4238 1265 4291 forte
1315 4235 1397 4290 ibi
1451 4234 1725 4305 aderant,
1777 4236 2145 4290 comminuit.
2221 4234 2295 4290 Et
2340 4232 2680 4289 Palladium

428 4304 614 4363 Troia
652 4308 961 4364 transtullt
999 4312 1186 4383 atque
1223 4308 1285 4365 in
1325 4305 1577 4365 Placoto
1616 4309 1750 4374 foro
1790 4307 1905 4365 hoe
1944 4321 2192 4384 quoquo
2231 4307 2451 4385 posuit.
