2870 4966
453 262 698 328 LEONI
732 269 887 330 PER
922 269 1416 333 THEoDo'rvM
1454 272 1782 336 REGNVM
1817 274 2345 339 PRAEDIOTVM.
2427 278 2543 340 827

276 450 532 540 γύναιον
593 454 847 543 είρήκει,
917 455 1253 543 φωράσας,
1323 458 1452 546 ίὸίᾳ
1517 458 1628 526 τὸν
1692 460 1898 547 ἄνδρα
1960 461 2361 551 παραλαβὼν
2422 462 2577 532 καῖ’

272 557 499 630 πίστεις
529 556 844 633 ὀεὸωκώς
870 583 937 626 τε
965 559 1074 627 καὶ
1115 562 1415 649 εἰληφώς,
1462 564 1816 650 προμηνύει
1843 563 1959 651 τὴν
1985 566 2303 652 βασιλείαν
2332 567 2531 652 αὕτῷ,

272 662 368 736 ὥς
411 660 482 737 ἐξ
524 661 850 738 ἐπιπνοίας
893 665 1221 751 θειοτέρας
1266 665 1464 752 αὐτὴν
1506 668 1798 754 μυηθείς,
1862 666 1970 734 καὶ
2025 670 2155 756 ᾔτει
2213 670 2371 756 μετὰ
2415 670 2532 759 τὴν
2549 675 2600 738 0

270 766 529 852 ἔκβασιν
573 767 899 834 κείσεσθαί
939 769 1002 834 01
1042 767 1282 855 μισθὸν
1325 776 1438 857 τῆς
1469 772 1916 857 προρρήσεως.
2009 770 2196 846 οὗτος
2226 774 2265 841 ό
2293 774 2530 860 τρόπος
2551 781 2626 841 10

218 875 252 937 5
270 868 570 955 ἐγνώρισε
613 870 723 938 καὶ
746 870 1055 958 ,ᾠκείωσε
1100 879 1194 958 τῷ
1239 872 1465 939 Λέοντι
1509 870 1618 939 τὸν
1671 872 2012 959 Θεόδοτον,
2062 874 2171 942 καὶ
2218 877 2398 964 ἔσχεν
2441 879 2531 952 εἰς

268 971 637 1059 amimam
700 978 811 1060 τῆς
872 974 1299 1060 προρρήσεως
1357 973 1518 1060 μετὰ
1581 973 1692 1043 τὸν
1756 974 1927 1062 ἱερὸν
1983 976 2368 1065 Νικηφόρον
2421 977 2532 1048 τὸν

265 1073 508 1160 θρόνον
552 1080 663 1162 τῆς
709 1074 1464 1151 Κωνσταντινουπόλεως.
1558 1074 1619 1146 ὥ
1665 1079 1826 1146 θεοῦ
1875 1080 2206 1167 κριμάτων
2251 1081 2531 1169 ἄβυσσος

265 1177 728 1265 ἀκατάληπτος·
772 1177 930 1265 μετὰ
976 1179 1110 1246 τίνα
1155 1180 1244 1254 τίς
1257 1204 1280 1259 ,·

429 1280 602 1368 Ἄρτι
658 1278 716 1348 δ’
765 1283 1044 1360 ἀναξίως
1105 1290 1216 1370 τῆς
1279 1284 1454 1369 ἱερᾶς
1516 1285 1848 1372 καθέὸρας
1902 1285 2125 1374 ἐπιβὰς
2172 1286 2212 1355 ό
2257 1286 2529 1365 ἀνόσιος,
2550 1289 2614 1353 11

187 1393 248 1450 10
265 1383 396 1453 ἐπεὶ
441 1387 773 1472 σύμπνουν
817 1386 927 1454 καὶ
971 1385 1081 1455 τὸν
1116 1393 1470 1473 κρατοῦντα
1513 1388 1831 1477 ἐκέκτητο,
1876 1392 2530 1478 πεπαρρησιασμένως

263 1490 377 1577 τὴν
439 1490 601 1557 κατὰ
665 1496 797 1558 τῶν
861 1492 1068 1577 ἁγίων
1128 1490 1399 1558 εἰκόνων
1461 1491 1701 1578 τόλμαν
1761 1495 2223 1580 μετεχειρίζετο.
2324 1494 2432 1563 καὶ
2489 1493 2625 1563 612

263 1595 455 1662 Λέων
501 1595 572 1662 δὲ
618 1596 715 1670 ὡς
758 1596 991 1683 θηρίον
1035 1602 1167 1673 τοῖς
1210 1594 1322 1670 τὰς
1365 1596 1597 1672 σεπτὰς
1641 1599 2107 1686 στηλογραφίας
2150 1605 2334 1686 τιμᾶν
2382 1600 2527 1666 ἐθέ-

259 1700 435 1767 λουσι
478 1702 927 1789 προσεφέρετο.
1021 1700 1300 1788 ῆγρίαινε
1346 1699 1469 1788 γὰρ
1515 1708 1737 1769 τοῦτον
1781 1703 1973 1777 αὐτός
2017 1727 2081 1770 τε
2126 1703 2165 1769 ὅ
2211 1702 2528 1779 Θεόδοτος
2546 1711 2623 1769 18

259 1802 367 1870 καὶ
412 1804 451 1870 ὅ
496 1809 627 1871 τῶν
670 1813 767 1890 τῷ
810 1805 1122 1891 βασιλικῷ
1166 1811 1421 1872 κοιτῶνι
1467 1807 1984 1894 κεκληρωμένων
2037 1814 2373 1894 τηνικαῦτα
2427 1809 2526 1874 ὢν
2544 1809 2606 1868 D

177 1911 241 1969 15
257 1908 666 1995 χορολέκτης,
732 1912 808 1976 ὃν
869 1910 1343 1997 πρωτοψάλτην
1406 1910 1620 1978 καλεῖν
1681 1911 2038 1999 παρέλαβεν
2101 1913 2141 1999 ἡ
2200 1912 2523 1998 συνήθεια.

258 2011 446 2088 οὗτος
490 2013 614 2101 γὰρ
660 2021 771 2101 τῆς
825 2019 956 2081 τῶν
1009 2016 1455 2101 εἰκονομάχων
1513 2016 1819 2100 αἱρέσεως
1871 2016 1985 2103 τὴν
2036 2016 2316 2101 θολερὸν
2366 2016 2521 2082 ἀνα-
2544 2021 2621 2082 14

73 2127 239 2186 111385
256 2119 499 2207 τροπὴν
562 2121 651 2194 είς
705 2118 906 2207 κόρον
961 2119 1130 2187 πιὼν
1184 2121 1444 2207 ἠρέθιζε
1500 2120 1610 2189 τὸν
1661 2121 1921 2209 βασιλέα
1964 2121 2368 2207 πανταχόθεν
2410 2118 2524 2193 τὰς

259 2354 327 2410 13
360 2354 485 2425 περὶ
522 2361 615 2411 τοῦ
649 2353 1046 2426 πρωτοψάλτου
1082 2353 1176 2411 καὶ
1212 2356 1363 2417 ὅπως
1400 2354 1622 2429 ἠρέθιζε
1651 2355 1909 2429 (η’ρέθησε
1935 2354 2007 2426 Ε)
2034 2354 2122 2412 τὸν
2144 2354 2360 2429 βασιλέα
2384 2353 2524 2413 κατὰ

255 2434 362 2487 τῶν
399 2428 569 2503 ἁγίων
605 2426 836 2485 εἰκόνων
873 2425 971 2485 ΟΕ

361 2647 398 2705 4
435 2647 654 2706 κεῖσθαί
687 2646 741 2705 D
994 2646 1312 2722 προρήσεως
1350 2648 1483 2717 (sic)
1522 2646 1578 2706 A
1827 2646 1865 2707 ὖ.
1897 2647 2153 2723 ἆγνώρισε
2187 2647 2281 2706 καί
2319 2662 2432 2706 om.
2474 2646 2524 2706 E

363 2722 414 2780 7.
441 2722 477 2778 8
513 2720 562 2779 ὦ
601 2720 670 2789 (ὢ
698 2718 805 2787 Di)
843 2720 976 2778 θεοῦ
1013 2721 1292 2793 κριμάτων
1334 2721 1570 2796 ἄβυσσος
1605 2720 1975 2795 ἅκατάληπτος
2000 2719 2212 2784 AssDw
2262 2720 2364 2780 Wo
2403 2719 2523 2791 lat..
2620 2786 2625 2790 ,

363 2793 411 2851 ὦ
449 2794 520 2862 (ὢ
546 2798 623 2863 w)
662 2793 941 2866 κριμάτων
970 2791 1223 2867 ἀρρήτων
1249 2801 1340 2866 τῆς
1367 2794 1519 2856 θείας
1541 2794 1794 2866 προνοίας
1820 2795 1999 2869 pr3
2039 2811 2095 2852 v.
2123 2793 2203 2852 ad
2231 2811 2287 2867 p.
2325 2791 2450 2863 252,
2488 2792 2524 2853 7

362 2868 398 2925 9
435 2866 496 2924 δὲ
533 2866 682 2939 pr
819 2867 886 2923 10
920 2874 1194 2939 συμπνοῦν
1232 2866 1304 2941 p*
1344 2867 1553 2925 iuvit-is
1589 2865 1754 2924 ARw
1880 2866 2412 2939 πεπαρρησιασμένος
2447 2867 2524 2941 p*

363 2940 571 2997 invitis
609 2938 773 2997 ARw
920 2939 984 2996 11
1025 2938 1160 2997 κατὰ
1201 2956 1315 2998 om.
1352 2939 1426 3012 D,
1465 2939 1662 3015 suppl.
1702 2938 1808 3003 Dw
1953 2941 2294 3014 διεχειρίζετο
2333 2938 2390 2998 D

364 3013 433 3071 12
469 3011 881 3088 στηλογραφίας]
919 3013 1128 3076 είκόνας
1167 3010 1229 3085 C,
1270 3012 1379 3071 sod
1421 3034 1506 3088 γρ.
1545 3013 1936 3089 στηλογραφίας
1975 3013 2072 3077 Cm
2208 3012 2277 3071 13
2314 3033 2367 3070 τε
2406 3027 2524 3072 om.

363 3087 508 3162 Ewp
658 3087 726 3144 15
784 3091 903 3145 ›ost
936 3087 1262 3160 χορσλέκτης
1301 3084 1442 3144 add.
1481 3087 1515 3161 ἢ
1552 3087 1830 3162 χορᾶρχης
1868 3086 2016 3162 pr
2139 3086 2405 3161 παρέλαβε
2426 3106 2525 3144 κα·

358 3161 469 3219 λεῒν
497 3161 646 3235 pr
738 3165 742 3168 “
792 3161 827 3220 6
853 3160 1007 3224 οὗτος
1033 3158 1156 3233 AR,
1198 3161 1331 3235 quiz
1378 3160 1483 3220 Wo
1524 3160 1644 3229 lat„
1682 3162 1853 3225 οὕτως
1882 3159 1966 3218 w*
2014 3156 2098 3218 Dl'
2215 3157 2329 3255 τῇς]
2355 3157 2449 3234 τὴν

434 3233 527 3310 τὴν
549 3233 730 3294 om.D
844 3235 910 3294 1⁵1
927 3241 1081 3294 ποῶν
1099 3239 1398 3294 mutatum
1422 3235 1788 3317 exuentes-1),
1811 3250 1965 3294 corr.
2039 3262 2082 3297 w
2189 3230 2523 3295 παντοθενΟ

252 3475 512 3558 ᾁίκονιιι,
569 3476 797 3548 agnitis
843 3475 1082 3533 seducit
1129 3477 1329 3534 virum
1378 3474 1624 3549 fideque
1674 3473 1820 3533 (lata
1858 3480 1919 3533 et
1957 3476 2213 3548 accepta
2255 3488 2522 3546 regnum

251 3549 308 3608 ei
355 3550 766 3622 praenuntiat,
822 3549 989 3623 quod
1035 3549 1243 3606 divino
1294 3550 1508 3606 ai'iiatu
1558 3550 1968 3622 cog-novisset,
2025 3549 2174 3622 petit
2219 3562 2299 3604 ue
2392 3562 2516 3604 rae·
2671 3599 2677 3603 .

252 3623 535 3680 dictionis
585 3628 721 3696 post
769 3628 1058 3679 eventum
1111 3623 1688 3680 remunerationem.
1763 3622 1896 3679 1-100
1944 3632 2124 3695 pacto
2220 3621 2332 3677 heo
2381 3624 2520 3677 otus
2542 3616 2624 3678 10

250 3697 516 3754 innotuit
555 3703 616 3754 et
654 3695 969 3753 familiaris
1010 3698 1210 3754 faetus
1261 3701 1354 3753 est
1391 3695 1585 3754 Leoni
1635 3701 1696 3753 et
1743 3704 1875 3769 post
1925 3701 2191 3753 alnetum
2240 3696 2519 3750 sarnetum

249 3769 660 3843 Nicephorum
707 3768 843 3825 viee
880 3770 1390 3827 remunerationis
1439 3769 1643 3826 sedem
1685 3767 2065 3844 Cpoiiianam
2115 3766 2391 3823 obtinuit.
2469 3765 2519 3825 Ο

248 3843 616 3901 iudiciorum
658 3841 755 3899 dei
795 3842 1087 3915 abyssum
1128 3843 1828 3916 incomprehensibilem3
1869 3842 1968 3899 eui
2008 3841 2143 3913 quis
2180 3837 2518 3897 suecessit?

432 3915 715 3975 Ceterum
744 3914 1117 3987 Theodotus,
1156 3917 1335 3973 horno
1364 3917 1463 3973 iile
1490 3916 1780 3984 nefarius,
1813 3931 1990 3971 sacra
2017 3912 2307 3970 cathedra
2336 3911 2517 3971 modo
2540 3909 2616 3973 11

248 3990 504 4064 indigne
541 4005 877 4046 conscensa
917 4006 1055 4047 eum
1084 3996 1145 4046 et
1169 3992 1599 4063 imperatorem
1628 3988 1881 4046 haberet
1918 3988 2407 4057 suffragatorem,
2453 3985 2517 4043 in

249 4080 459 4121 sacras
498 4063 802 4134 imagines
840 4064 1137 4121 audacter
1176 4070 1268 4120 est
1304 4070 1641 4135 grassatus.
1717 4061 1843 4118 Leo
1872 4062 2015 4117 item
2041 4075 2162 4130 eos,
2204 4059 2308 4130 qui
2339 4074 2519 4116 vene·
2542 4057 2620 4117 12

250 4137 476 4193 raudus
521 4139 759 4193 statuas
806 4136 1109 4193 honorare
1150 4135 1390 4203 vellent,
1447 4137 1640 4192 instar
1689 4134 1930 4191 belluae
1985 4132 2316 4202 tractabat3
2372 4148 2516 4190 nam
2544 4132 2621 4191 18

250 4216 310 4267 et
347 4225 385 4265 a
424 4209 743 4266 Theodoto
783 4210 915 4281 ipso
955 4210 1445 4280 exasperabatur
1494 4219 1553 4264 et
1601 4224 1638 4264 a
1686 4210 1999 4280 praefecto
2049 4204 2194 4262 cleri
2242 4205 2517 4277 palatini,

250 4293 431 4354 quem
472 4283 907 4356 protopsaltem
947 4283 1159 4339 vocari
1199 4287 1513 4354 receptum
1554 4287 1661 4338 est.
1737 4281 1852 4347 Qui
1893 4295 2031 4337 eum
2072 4284 2276 4336 sectae
2313 4278 2516 4335 ieono-
2542 4277 2621 4337 14

249 4353 604 4413 machorum
644 4355 949 4413 turbidam
980 4354 1447 4429 perversitatem
1473 4353 1553 4412 ad
1580 4353 1922 4413 satietatem
1948 4352 2265 4425 hausisset,
2304 4366 2522 4425 regem
