2870 4966
952 247 1311 316 simonve
1347 249 1686 325 QVARTA.
2339 252 2446 320 11¹1

204 439 478 534 φάσεσιν,
526 436 917 530 ἇσυγχύτως,
963 438 1306 529 ἀτρέπτως,
1353 440 1742 529 ἀδιαιρέτως,
1796 439 2169 531 δχωρίστως
2213 464 2444 532 γνωρι-
2463 440 2513 503 Β

204 548 486 636 ζόμενον,
542 544 935 633 σωζομένων
972 548 1103 613 τῶν
1147 544 1515 634 ἰδιωμάτων
1558 545 1817 635 φύσεως
1860 547 2161 635 έκατέρας
2203 545 2314 617 καὶ
2357 547 2444 624 είς
2462 545 2539 607 83

202 655 269 721 ἓν
308 648 662 737 πρόσωπον
706 647 1172 738 συντρεχόντων
1210 650 1323 718 καὶ
1365 649 1520 738 μίαν
1562 649 1916 720 ὖπόστασιν.

385 752 650 822 Τούτων
702 751 819 822 οὗν
871 759 1024 822 πᾶσι
1076 760 1205 829 τοῒς
1259 755 1708 844 θεοφορήτως,
1737 756 1995 830 ἐκείνας
2040 755 2445 844 δεδογμένων
2462 747 2559 819 26

89 936 92 939 ‚
155 861 187 922 ὓ
201 859 482 946 πατράσι,
546 857 863 945 παρόντος
913 858 1023 926 καὶ
1074 865 1187 927 τοῦ
1233 859 1537 947 εὐσεβοῦς
1579 859 1890 947 βασιλέως
1932 858 2340 946 Μαρκιανοῦ,
2404 860 2445 929 ό

203 963 547 1048 Διόσκορος
588 965 923 1050 προστάξει
966 963 1257 1052 βασιλικῇ
1298 965 1385 1039 είς
1413 963 1716 1051 Γάγγραν
1744 963 2081 1051 ὖπερόριος
2110 964 2441 1034 στέλλεται·

203 1072 240 1139 δ
282 1068 401 1157 γὰρ
432 1066 728 1156 Εὖτυχὴς
771 1069 1168 1157 προτέθνηκε
1215 1068 1564 1156 δυστυχῶς.
1655 1069 1787 1137 ἀντὶ
1834 1069 1904 1137 δὲ
1934 1067 2289 1158 Διοσκόρου
2334 1076 2445 1158 τῆς
2462 1067 2499 1130 2

25 1176 83 1238 111
98 1170 187 1235 248
195 1172 655 1260 Ἀλεξανδρείας
711 1173 1053 1246 ἐπίσκοπος
1109 1173 1556 1260 ἐχειροτονήθη
1603 1172 1975 1261 Προτέριος,
2039 1173 2201 1262 ἀνὴρ
2255 1174 2443 1262 ίερώ-

202 1303 376 1354 τατος
420 1276 528 1345 καὶ
573 1277 1100 1364 δρθοδοξότατος.

125 1390 188 1448 10
383 1384 534 1450 Τῶν
580 1381 648 1449 δὲ
683 1387 796 1450 τοῦ
833 1381 1159 1469 Εὐτυχοῢς
1188 1381 1295 1450 καὶ
1327 1381 1684 1468 Διοσκόρου
1729 1387 1859 1450 τῶν
1903 1385 2291 1469 αίρεσιωτῶν
2320 1382 2441 1452 ἀνὰ
2460 1382 2497 1443 3
2546 1435 2555 1444 .

199 1487 304 1574 τὴν
346 1486 527 1553 πόλιν
571 1487 1023 1573 στρεφομένων
1074 1486 1181 1553 καὶ
1228 1486 1768 1572 διαχλευαζόντων
1811 1485 1886 1553 τὰ
1945 1487 2074 1555 ὕπὸ
2125 1494 2238 1576 τῆς
2294 1510 2441 1555 συν-

199 1591 349 1658 όδου
406 1590 919 1676 δογματισθέντα,
981 1590 1110 1657 κάκ
1172 1596 1284 1678 τῆς
1337 1590 1663 1677 βασιλικῆς
1720 1591 2080 1666 δυναστείας
2134 1591 2444 1677 λεγόντων
2459 1592 2498 1651 4
2536 1590 2594 1655 0

197 1694 262 1761 τδ
305 1693 539 1778 κράτος
582 1699 659 1780 τῇ
705 1694 963 1780 συνόδῳ
1007 1700 1320 1779 περιεῖναι,
1365 1695 1475 1761 καὶ
1520 1695 1641 1762 οὔκ
1689 1694 1761 1762 ἐκ
1806 1701 1917 1783 τῆς
1961 1695 2278 1783 ἀληθείας,
2333 1694 2443 1763 καὶ

197 1797 302 1886 τὴν
346 1798 580 1865 οἰκείαν
605 1802 913 1866 συνιστᾶν
956 1799 1376 1885 πειρωμένων
1416 1801 1501 1867 ἔτι
1530 1799 1936 1885 κακοδοξίαν,
1985 1799 2023 1866 ό
2051 1797 2441 1886 πατριάρχης
2458 1799 2497 1858 ὃ
2591 1823 2595 1827 ·

119 1901 535 1977 ΔΙίιἊνατόλιος
588 1902 1002 1989 ἐκκλησιάσας
1044 1903 1204 1977 ’τούς
1255 1928 1320 1970 τε
1378 1904 1559 1990 αὐτῷ
1613 1904 2081 1991 ὁμογνώμονας
2133 1902 2241 1971 καὶ
2294 1902 2440 1979 τοὺς

197 2008 666 2084 ἀντιδοξοῦντας
722 2008 846 2094 ἔφη
901 2006 1066 2093 πρὸς
1119 2006 1267 2083 τοὺς
1323 2009 1637 2084 ἐναντίους
1688 2007 1866 2076 “enez
1918 2010 2001 2075 ἔτι
2052 2014 2163 2095 τῆς
2207 2007 2439 2082 οἰκείας
2455 2009 2492 2068 6

198 2112 383 2198 δόξης
445 2112 780 2198 ἀντέχεσθε
842 2112 949 2178 καὶ
1006 2112 1086 2179 οὐ
1137 2113 1439 2180 πείθεσθε
1491 2112 1583 2199 μὴ
1652 2113 1936 2190 δοξάζειν
1997 2112 2239 2196 ὀρθῶς,
2301 2106 2435 2178 ἀλλ’

196 2216 469 2282 αἰτιᾶσθε
513 2217 685 2302 ἡμᾶς
730 2215 826 2289 ῶς
879 2215 951 2282 τὸ
1000 2214 1372 2301 Νεστορίου
1401 2216 1966 2303 παραδεχομένους
2021 2214 2249 2301 δόγμα,
2317 2213 2436 2282 δύο

196 2319 407 2406 φύσεις
453 2320 553 2385 ἐπὶ
596 2324 708 2387 τοῦ
755 2326 1046 2407 σωτῆρος
1083 2319 1521 2407 κηρύττοντας,
1569 2321 1871 2407 ἑκατέρας
1899 2319 2212 2408 τηρούσης
2241 2318 2433 2405 ἀσυγ-

120 2429 180 2489 20
195 2424 418 2511 χύτους
461 2422 574 2498 τὰς
618 2422 945 2512 ἰδιότητας,
1001 2424 1410 2513 ἐπιτρεπτέον,
1470 2426 1529 2492 εί
1562 2425 1760 2503 δοκεῖ,
1817 2432 1911 2511 τῷ
1953 2425 2095 2513 θεῷ
2138 2421 2251 2512 τὴν
2293 2420 2437 2509 περὶ
2454 2425 2491 2486 7
2519 2499 2526 2507 ,

192 2601 227 2659 4
247 2602 377 2674 περὶ
410 2609 758 2676 πατριαρχῶν
796 2603 892 2663 ΟΕ

290 2766 327 2820 4
359 2773 486 2823 πᾶσι
527 2783 640 2823 om.
681 2765 727 2824 C
870 2766 906 2824 6
942 2767 1008 2823 σά
1041 2788 1173 2837 γραν
1210 2766 1276 2838 Β,
1314 2767 1521 2840 γάγραν
1551 2768 1601 2824 Ε
1742 2768 1779 2824 9
1813 2766 2247 2839 όρθοδοξῶτατος
2276 2766 2432 2839 pr

295 2837 366 2894 10
401 2843 539 2911 post
573 2839 667 2896 και·
704 2838 843 2896 add.
881 2847 975 2896 τοῦ
1009 2788 1166 2912 ἴλη)
1311 2847 1419 2897 τῶν
1459 2845 1572 2916 om.
1593 2839 1743 2912 pr
1890 2839 1961 2897 14
1996 2847 2238 2896 συνιστᾶν
2272 2856 2430 2894 nu

290 2911 639 2981 πειρωμένων
677 2909 730 2968 A
875 2913 948 2968 ἔτι
988 2916 1131 2969 ante
1167 2914 1516 3004 πειρωμένων
1555 2912 1705 2985 pr

69 3093 73 3098 ’
190 3100 373 3159 Ιιιιιιιιιι
396 3086 657 3142 cundem
682 3086 742 3143 in
765 3086 1007 3143 duabus
1025 3090 1278 3155 naturis,
1298 3087 1467 3144 nulla
1488 3088 1864 3155 confusione,
1891 3085 2057 3143 nulla
2078 3086 2427 3155 mutatione,
2447 3075 2527 3134 82

192 3157 352 3214 nulla
377 3158 695 3229 divisione,
728 3158 896 3216 nulla
921 3161 1310 3232 separatione
1336 3161 1632 3231 agnitum,
1670 3158 1930 3217 servatis
1956 3158 2430 3230 proprietatibus
2446 3148 2525 3207 88

191 3233 444 3293 naturae
479 3229 801 3303 utriusque
843 3235 904 3287 et
941 3231 1004 3288 ln
1041 3244 1229 3288 unam
1266 3246 1593 3304 personam
1631 3229 2121 3303 conspirantibus
2158 3232 2220 3286 et
2242 3243 2429 3286 unam

191 3298 692 3440 hypoggslnduae
730 3387 866 3430 cum
907 3373 1188 3431 omnibus
1227 3373 1340 3430 illis
1372 3373 1651 3446 patribus
1680 3372 1796 3430 deo
1823 3372 2016 3444 plenis
2041 3371 2426 3443 placuissent,

190 3450 503 3511 praesente
552 3446 735 3501 etiam
782 3444 883 3515 pio
931 3444 1031 3501 illo
1076 3459 1226 3512 rege
1264 3444 1593 3512 Marciano,
1649 3444 1981 3500 Dioscorus
2031 3443 2203 3499 iussu
2251 3442 2424 3513 regio

190 3512 493 3584 Gangram
543 3515 688 3572 exul
733 3515 1006 3583 mittitur,
1065 3516 1338 3588 Eutyche
1388 3521 1532 3572 ante
1570 3521 1809 3572 mortuo
1848 3514 2186 3571 infeliciter.
2257 3504 2480 3570 L0002
2604 3530 2614 3537 ·

190 3591 383 3644 autem
412 3587 692 3644 Dioscori
717 3585 1171 3644 Alexandrinus
1209 3589 1533 3660 episcopus
1573 3591 1814 3644 creatus
1846 3590 1936 3643 est
1961 3584 2288 3655 Protei-ine,
2330 3584 2425 3641 vir

190 3660 593 3715 sanctissimus
632 3662 693 3714 et
731 3657 1288 3716 orthodoxissimus.

359 3730 505 3787 Cum
547 3735 751 3786 autem
790 3746 867 3785 ex
907 3731 1299 3802 [eutychianis
1336 3737 1397 3787 et
1434 3729 1850 3787 Dioscorianls
1887 3730 1929 3784 ii
1968 3728 2274 3794 haeretici,
2319 3720 2480 3799 quw

191 3801 246 3856 in
293 3803 447 3859 urbe
502 3801 924 3864 versabantur.
982 3804 1215 3860 concilii
1267 3803 1502 3875 placitis
1548 3802 1968 3859 obniterentur
2004 3800 2326 3857 illudentes
2364 3792 2481 3857 et4

191 3888 260 3928 ex
305 3876 480 3943 regia
517 3878 820 3945 potestate
868 3874 1142 3933 dicerent
1188 3877 1611 3932 auctoritatem
1662 3873 1917 3930 concilio
1966 3872 2114 3939 dari,
2170 3887 2292 3929 non
2344 3886 2423 3927 ex

191 3948 456 4013 veritate,
496 3952 557 4001 et
594 3961 765 4004 suam
806 3948 1076 4003 stabilire
1114 3955 1484 4004 conarentur
1523 3962 1773 4019 pravam
1814 3946 2189 4012 sententiam,
2243 3936 2480 4017 patri-5

190 4019 365 4073 archa
404 4017 723 4075 Anatolius
770 4020 832 4074 in
878 4020 1089 4075 aedem
1131 4021 1483 4076 convocatis
1522 4025 1582 4076 et
1620 4019 1746 4074 suis
1782 4016 2187 4072 sectatoribus
2224 4021 2284 4072 et
2321 4015 2426 4071 ad·

191 4092 467 4146 versariis
511 4090 589 4147 ad
636 4091 746 4147 hos
792 4090 1138 4157 “Quoniam
1179 4094 1359 4148 etiam
1399 4090 1611 4147 nunc”
1652 4090 1849 4160 inquit
1893 4089 2021 4144 “in‘
2053 4093 2255 4144 vestra
2292 4082 2482 4144 sen-6

189 4164 368 4218 tentia
388 4163 796 4235 perseveratis
816 4179 1019 4234 neque
1040 4164 1282 4221 creditis
1301 4180 1620 4237 perperam
1643 4178 1753 4218 vos
1767 4162 1990 4219 sentire
2004 4160 2112 4216 sed
2130 4160 2423 4217 incusatis

189 4247 309 4303 nos,
364 4236 540 4307 quasi
576 4234 838 4294 Nestorii
887 4237 1114 4307 dogma
1159 4238 1625 4310 comprobemus
1677 4234 1831 4290 duas
1885 4237 2139 4290 naturas
2187 4232 2249 4289 in
2300 4248 2423 4289 ser·

189 4311 395 4363 vatore
447 4309 817 4376 nuntianteS,
879 4314 1141 4381 utraque
1194 4315 1481 4366 servante
1537 4324 1660 4370 non
1716 4308 1937 4368 mixtas
2000 4305 2423 4379 proprietates,
