<?xml version="1.0" encoding="UTF-8"?>
<!DOCTYPE html PUBLIC "-//W3C//DTD XHTML 1.0 Transitional//EN"
    "http://www.w3.org/TR/xhtml1/DTD/xhtml1-transitional.dtd">
<html xmlns="http://www.w3.org/1999/xhtml" xml:lang="en" lang="en">
 <head>
  <title>
</title>
<meta http-equiv="Content-Type" content="text/html;charset=utf-8" />
  <meta name='ocr-system' content='tesseract 3.04.00' />
  <meta name='ocr-capabilities' content='ocr_page ocr_carea ocr_par ocr_line ocrx_word'/>
</head>
<body>
  <div class='ocr_page' id='page_1' title='image "./corpusscriptoru13berlgoog/corpusscriptoru13berlgoog_0116.png"; bbox 0 0 2870 4966; ppageno 0'>
   <div class='ocr_carea' id='block_1_1' title="bbox 884 299 2481 405">
    <p class='ocr_par' dir='ltr' id='par_1_1' title="bbox 884 299 2481 405">
     <span class='ocr_line' id='line_1_1' title="bbox 884 299 2481 405; baseline 0.001 -34"><span class='ocrx_word' id='word_1_1' title='bbox 884 299 1277 372; x_wconf 55' lang='lat' dir='ltr'>vassum</span> <span class='ocrx_word' id='word_1_2' title='bbox 1313 303 1828 371; x_wconf 68' lang='lat' dir='ltr'>caveamus.</span> <span class='ocrx_word' id='word_1_3' title='bbox 1940 330 1948 337; x_wconf 91' lang='lat'>-</span> <span class='ocrx_word' id='word_1_4' title='bbox 2062 398 2067 405; x_wconf 84' lang='lat'>.</span> <span class='ocrx_word' id='word_1_5' title='bbox 2409 310 2481 374; x_wconf 69' lang='lat' dir='ltr'><strong><em>*n</em></strong></span> 
     </span>
    </p>
   </div>
   <div class='ocr_carea' id='block_1_2' title="bbox 173 488 2794 2332">
    <p class='ocr_par' dir='ltr' id='par_1_2' title="bbox 241 488 2575 889">
     <span class='ocr_line' id='line_1_2' title="bbox 241 488 2483 584; baseline 0 -22"><span class='ocrx_word' id='word_1_6' title='bbox 241 503 332 584; x_wconf 80' lang='grc' dir='ltr'><strong><em>τῴ</em></strong></span> <span class='ocrx_word' id='word_1_7' title='bbox 373 496 534 580; x_wconf 75' lang='grc' dir='ltr'><strong><em>θεῷ,</em></strong></span> <span class='ocrx_word' id='word_1_8' title='bbox 561 488 690 560; x_wconf 66' lang='grc' dir='ltr'><strong><em>’καὶ</em></strong></span> <span class='ocrx_word' id='word_1_9' title='bbox 734 491 1089 580; x_wconf 86' lang='grc' dir='ltr'><strong><em>κλεισθήτω</em></strong></span> <span class='ocrx_word' id='word_1_10' title='bbox 1132 492 1253 581; x_wconf 75' lang='grc' dir='ltr'><strong><em>μὲν</em></strong></span> <span class='ocrx_word' id='word_1_11' title='bbox 1296 493 1607 580; x_wconf 75' lang='grc' dir='ltr'><em>ἀσφαλῶς</em></span> <span class='ocrx_word' id='word_1_12' title='bbox 1635 493 1675 560; x_wconf 82' lang='grc' dir='ltr'><strong><em>ὅ</em></strong></span> <span class='ocrx_word' id='word_1_13' title='bbox 1703 494 1877 581; x_wconf 82' lang='grc' dir='ltr'><strong><em>ναός,</em></strong></span> <span class='ocrx_word' id='word_1_14' title='bbox 1922 492 2102 571; x_wconf 63' lang='grc' dir='ltr'><strong><em>ἐκτὸς</em></strong></span> <span class='ocrx_word' id='word_1_15' title='bbox 2132 493 2192 563; x_wconf 81' lang='grc' dir='ltr'><strong><em>δ’</em></strong></span> <span class='ocrx_word' id='word_1_16' title='bbox 2223 496 2483 570; x_wconf 69' lang='grc' dir='ltr'><strong><em>ἑστῶτες</em></strong></span> 
     </span>
     <span class='ocr_line' id='line_1_3' title="bbox 244 594 2536 687; baseline -0.002 -20"><span class='ocrx_word' id='word_1_17' title='bbox 244 601 302 667; x_wconf 73' lang='grc' dir='ltr'><strong><em>οἱ</em></strong></span> <span class='ocrx_word' id='word_1_18' title='bbox 352 595 426 665; x_wconf 79' lang='grc' dir='ltr'><strong><em>τὰ</em></strong></span> <span class='ocrx_word' id='word_1_19' title='bbox 472 594 718 681; x_wconf 80' lang='grc' dir='ltr'><strong><em>Ἀρείου</em></strong></span> <span class='ocrx_word' id='word_1_20' title='bbox 773 600 1157 682; x_wconf 76' lang='grc' dir='ltr'><strong><em>φρονοῦντες</em></strong></span> <span class='ocrx_word' id='word_1_21' title='bbox 1213 595 1573 663; x_wconf 82' lang='grc' dir='ltr'><strong><em>δείσθωσαν</em></strong></span> <span class='ocrx_word' id='word_1_22' title='bbox 1634 602 1746 664; x_wconf 80' lang='grc' dir='ltr'><strong><em>τοῦ</em></strong></span> <span class='ocrx_word' id='word_1_23' title='bbox 1809 597 1990 668; x_wconf 80' lang='grc' dir='ltr'><strong><em>θεοῦ.</em></strong></span> <span class='ocrx_word' id='word_1_24' title='bbox 2080 598 2189 666; x_wconf 73' lang='grc' dir='ltr'><strong><em>καὶ</em></strong></span> <span class='ocrx_word' id='word_1_25' title='bbox 2250 599 2312 667; x_wconf 79' lang='lat' dir='ltr'><strong><em>el</em></strong></span> <span class='ocrx_word' id='word_1_26' title='bbox 2362 598 2483 687; x_wconf 74' lang='grc' dir='ltr'><strong><em>μὲν</em></strong></span> <span class='ocrx_word' id='word_1_27' title='bbox 2499 604 2536 663; x_wconf 78' lang='grc'>9</span> 
     </span>
     <span class='ocr_line' id='line_1_4' title="bbox 244 696 2480 789; baseline 0.002 -24"><span class='ocrx_word' id='word_1_28' title='bbox 244 698 613 787; x_wconf 75' lang='grc' dir='ltr'><strong><em>αὐτομάτως</em></strong></span> <span class='ocrx_word' id='word_1_29' title='bbox 658 697 872 771; x_wconf 76' lang='grc' dir='ltr'><strong><em>αὐτοῖς</em></strong></span> <span class='ocrx_word' id='word_1_30' title='bbox 916 696 1190 785; x_wconf 73' lang='grc' dir='ltr'><strong><em>ἀνοιχθῇ</em></strong></span> <span class='ocrx_word' id='word_1_31' title='bbox 1235 696 1275 763; x_wconf 82' lang='grc' dir='ltr'><strong><em>ὖ</em></strong></span> <span class='ocrx_word' id='word_1_32' title='bbox 1319 697 1491 783; x_wconf 86' lang='grc' dir='ltr'><strong><em>ναός,</em></strong></span> <span class='ocrx_word' id='word_1_33' title='bbox 1540 697 1856 785; x_wconf 67' lang='grc' dir='ltr'><strong><em>ἐχέτωσαν</em></strong></span> <span class='ocrx_word' id='word_1_34' title='bbox 1899 698 2119 768; x_wconf 75' lang='grc' dir='ltr'><strong><em>αὐτόν·</em></strong></span> <span class='ocrx_word' id='word_1_35' title='bbox 2177 701 2237 769; x_wconf 69' lang='grc' dir='ltr'><strong><em>εἰ</em></strong></span> <span class='ocrx_word' id='word_1_36' title='bbox 2274 699 2346 769; x_wconf 69' lang='grc' dir='ltr'><strong><em>δὲ</em></strong></span> <span class='ocrx_word' id='word_1_37' title='bbox 2386 699 2480 789; x_wconf 78' lang='grc' dir='ltr'><strong><em>μὴ</em></strong></span> 
     </span>
     <span class='ocr_line' id='line_1_5' title="bbox 245 798 2575 889; baseline -0 -19"><span class='ocrx_word' id='word_1_38' title='bbox 245 804 478 889; x_wconf 74' lang='grc' dir='ltr'><strong><em>ἅνοιγῆ,</em></strong></span> <span class='ocrx_word' id='word_1_39' title='bbox 544 798 938 885; x_wconf 66' lang='grc' dir='ltr'><strong><em>ἐπιτρεπτέον</em></strong></span> <span class='ocrx_word' id='word_1_40' title='bbox 990 799 1097 866; x_wconf 76' lang='grc' dir='ltr'><strong><em>καὶ</em></strong></span> <span class='ocrx_word' id='word_1_41' title='bbox 1143 800 1292 885; x_wconf 75' lang='grc' dir='ltr'><strong><em>ἡμῖν</em></strong></span> <span class='ocrx_word' id='word_1_42' title='bbox 1338 799 1643 887; x_wconf 74' lang='grc' dir='ltr'><strong><em>δεηθῆναι</em></strong></span> <span class='ocrx_word' id='word_1_43' title='bbox 1688 805 1801 867; x_wconf 83' lang='grc' dir='ltr'><strong><em>τοῦ</em></strong></span> <span class='ocrx_word' id='word_1_44' title='bbox 1847 800 2028 870; x_wconf 81' lang='grc' dir='ltr'><strong><em>θεοῦ.</em></strong></span> <span class='ocrx_word' id='word_1_45' title='bbox 2118 801 2226 871; x_wconf 72' lang='grc' dir='ltr'><strong><em>καὶ</em></strong></span> <span class='ocrx_word' id='word_1_46' title='bbox 2270 803 2330 871; x_wconf 76' lang='grc' dir='ltr'><strong><em>εἱ</em></strong></span> <span class='ocrx_word' id='word_1_47' title='bbox 2364 801 2484 889; x_wconf 72' lang='grc' dir='ltr'><strong><em>μὲν</em></strong></span> <span class='ocrx_word' id='word_1_48' title='bbox 2501 809 2575 869; x_wconf 83' lang='grc'><strong><em>10</em></strong></span> 
     </span>
    </p>

    <p class='ocr_par' dir='ltr' id='par_1_3' title="bbox 198 900 2575 1400">
     <span class='ocr_line' id='line_1_6' title="bbox 198 900 2551 990; baseline -0.002 -19"><span class='ocrx_word' id='word_1_49' title='bbox 198 915 229 973; x_wconf 72' lang='lat'><strong>5</strong></span> <span class='ocrx_word' id='word_1_50' title='bbox 247 902 614 989; x_wconf 75' lang='grc' dir='ltr'><strong><em>αὐτομάτως</em></strong></span> <span class='ocrx_word' id='word_1_51' title='bbox 659 901 1182 968; x_wconf 78' lang='grc' dir='ltr'><strong><em>ἀνιιπετασθῶσιν</em></strong></span> <span class='ocrx_word' id='word_1_52' title='bbox 1227 901 1294 967; x_wconf 76' lang='grc' dir='ltr'><strong><em>αἱ</em></strong></span> <span class='ocrx_word' id='word_1_53' title='bbox 1336 900 1545 979; x_wconf 86' lang='grc' dir='ltr'><strong><em>πύλαι,</em></strong></span> <span class='ocrx_word' id='word_1_54' title='bbox 1592 903 1916 987; x_wconf 78' lang='grc' dir='ltr'><strong><em>νομιστέον</em></strong></span> <span class='ocrx_word' id='word_1_55' title='bbox 1960 902 2034 970; x_wconf 67' lang='grc' dir='ltr'><strong><em>ἐκ</em></strong></span> <span class='ocrx_word' id='word_1_56' title='bbox 2079 902 2239 970; x_wconf 77' lang='grc' dir='ltr'><strong><em>θεοῦ</em></strong></span> <span class='ocrx_word' id='word_1_57' title='bbox 2281 926 2481 990; x_wconf 88' lang='grc' dir='ltr'><strong><em>προσ-</em></strong></span> <span class='ocrx_word' id='word_1_58' title='bbox 2501 909 2551 967; x_wconf 84' lang='grc' dir='ltr'><strong>Β</strong></span> 
     </span>
     <span class='ocr_line' id='line_1_7' title="bbox 247 1002 2485 1093; baseline -0.001 -18"><span class='ocrx_word' id='word_1_59' title='bbox 247 1005 652 1092; x_wconf 81' lang='grc' dir='ltr'><strong><em>κληρωθῆναι</em></strong></span> <span class='ocrx_word' id='word_1_60' title='bbox 698 1003 848 1089; x_wconf 71' lang='grc' dir='ltr'><strong><em>ἡμῖν</em></strong></span> <span class='ocrx_word' id='word_1_61' title='bbox 891 1002 964 1068; x_wconf 82' lang='grc' dir='ltr'><strong><em>τὸ</em></strong></span> <span class='ocrx_word' id='word_1_62' title='bbox 1008 1006 1187 1070; x_wconf 85' lang='grc' dir='ltr'><strong><em>θεῖον</em></strong></span> <span class='ocrx_word' id='word_1_63' title='bbox 1230 1004 1588 1090; x_wconf 65' lang='grc' dir='ltr'><strong><em>τεμύνισμα·</em></strong></span> <span class='ocrx_word' id='word_1_64' title='bbox 1635 1005 1695 1069; x_wconf 73' lang='grc' dir='ltr'><strong><em>εἰ</em></strong></span> <span class='ocrx_word' id='word_1_65' title='bbox 1729 1003 1798 1069; x_wconf 75' lang='grc' dir='ltr'><strong><em>δὲ</em></strong></span> <span class='ocrx_word' id='word_1_66' title='bbox 1835 1002 1975 1070; x_wconf 77' lang='grc' dir='ltr'><strong><em>οὔδ’</em></strong></span> <span class='ocrx_word' id='word_1_67' title='bbox 2016 1005 2167 1093; x_wconf 75' lang='grc' dir='ltr'><strong><em>ἡμῖν</em></strong></span> <span class='ocrx_word' id='word_1_68' title='bbox 2204 1002 2275 1071; x_wconf 85' lang='grc' dir='ltr'><strong><em>τὸ</em></strong></span> <span class='ocrx_word' id='word_1_69' title='bbox 2314 1004 2485 1091; x_wconf 74' lang='grc' dir='ltr'><strong><em>ίερόν</em></strong></span> 
     </span>
     <span class='ocr_line' id='line_1_8' title="bbox 248 1105 2570 1200; baseline -0 -28"><span class='ocrx_word' id='word_1_70' title='bbox 248 1110 479 1193; x_wconf 77' lang='grc' dir='ltr'><strong><em>ἀνωγῇ,</em></strong></span> <span class='ocrx_word' id='word_1_71' title='bbox 544 1105 652 1172; x_wconf 71' lang='grc' dir='ltr'><strong><em>καὶ</em></strong></span> <span class='ocrx_word' id='word_1_72' title='bbox 709 1106 916 1177; x_wconf 75' lang='grc' dir='ltr'><strong><em>οὕτως</em></strong></span> <span class='ocrx_word' id='word_1_73' title='bbox 972 1105 1248 1200; x_wconf 76' lang='grc' dir='ltr'><strong><em>ἅνείσθῳ</em></strong></span> <span class='ocrx_word' id='word_1_74' title='bbox 1307 1105 1463 1171; x_wconf 80' lang='grc' dir='ltr'><strong><em>αύτὸ</em></strong></span> <span class='ocrx_word' id='word_1_75' title='bbox 1519 1111 1646 1177; x_wconf 83' lang='grc' dir='ltr'><strong><em>τοῖς</em></strong></span> <span class='ocrx_word' id='word_1_76' title='bbox 1698 1106 2211 1191; x_wconf 77' lang='grc' dir='ltr'><strong><em>ἁρειαι·ίζουσιν.”</em></strong></span> <span class='ocrx_word' id='word_1_77' title='bbox 2299 1108 2485 1193; x_wconf 80' lang='grc' dir='ltr'><strong><em>ἤρεσε</em></strong></span> <span class='ocrx_word' id='word_1_78' title='bbox 2504 1113 2570 1172; x_wconf 84' lang='grc'><strong><em>11</em></strong></span> 
     </span>
     <span class='ocr_line' id='line_1_9' title="bbox 246 1207 2487 1296; baseline -0 -19"><span class='ocrx_word' id='word_1_79' title='bbox 246 1218 427 1278; x_wconf 79' lang='grc' dir='ltr'><strong><em>ταῦτα</em></strong></span> <span class='ocrx_word' id='word_1_80' title='bbox 474 1215 567 1293; x_wconf 77' lang='grc' dir='ltr'><strong><em>τῷ</em></strong></span> <span class='ocrx_word' id='word_1_81' title='bbox 610 1209 853 1296; x_wconf 79' lang='grc' dir='ltr'><strong><em>βασιλεῖ</em></strong></span> <span class='ocrx_word' id='word_1_82' title='bbox 890 1209 997 1275; x_wconf 80' lang='grc' dir='ltr'><strong><em>καὶ</em></strong></span> <span class='ocrx_word' id='word_1_83' title='bbox 1041 1210 1332 1294; x_wconf 76' lang='grc' dir='ltr'><strong><em>γενέσθαι</em></strong></span> <span class='ocrx_word' id='word_1_84' title='bbox 1365 1209 1572 1280; x_wconf 75' lang='grc' dir='ltr'><strong><em>οὕτως</em></strong></span> <span class='ocrx_word' id='word_1_85' title='bbox 1602 1209 1955 1294; x_wconf 73' lang='grc' dir='ltr'><strong><em>ἐπέτρεψεν.</em></strong></span> <span class='ocrx_word' id='word_1_86' title='bbox 2048 1210 2336 1296; x_wconf 74' lang='grc' dir='ltr'><strong><em>ἐκλείσθη</em></strong></span> <span class='ocrx_word' id='word_1_87' title='bbox 2368 1207 2487 1276; x_wconf 77' lang='grc' dir='ltr'><strong><em>οὖν</em></strong></span> 
     </span>
     <span class='ocr_line' id='line_1_10' title="bbox 247 1311 2575 1400; baseline -0.001 -18"><span class='ocrx_word' id='word_1_88' title='bbox 247 1315 552 1382; x_wconf 78' lang='grc' dir='ltr'><strong><em>πάντοθεν</em></strong></span> <span class='ocrx_word' id='word_1_89' title='bbox 582 1313 621 1378; x_wconf 89' lang='grc' dir='ltr'><strong><em>ό</em></strong></span> <span class='ocrx_word' id='word_1_90' title='bbox 652 1313 720 1378; x_wconf 77' lang='grc' dir='ltr'><strong><em>ἐν</em></strong></span> <span class='ocrx_word' id='word_1_91' title='bbox 749 1311 987 1395; x_wconf 80' lang='grc' dir='ltr'><strong><em>Νικαίᾳ</em></strong></span> <span class='ocrx_word' id='word_1_92' title='bbox 1019 1313 1187 1385; x_wconf 86' lang='grc' dir='ltr'><strong><em>ναός.</em></strong></span> <span class='ocrx_word' id='word_1_93' title='bbox 1276 1313 1526 1379; x_wconf 68' lang='grc' dir='ltr'><strong><em>ἐδέοντο</em></strong></span> <span class='ocrx_word' id='word_1_94' title='bbox 1557 1313 1619 1379; x_wconf 80' lang='grc' dir='ltr'><strong><em>οἳ</em></strong></span> <span class='ocrx_word' id='word_1_95' title='bbox 1647 1312 2107 1398; x_wconf 81' lang='grc' dir='ltr'><strong><em>ἀρειανίζοντες.</em></strong></span> <span class='ocrx_word' id='word_1_96' title='bbox 2123 1315 2230 1380; x_wconf 80' lang='grc' dir='ltr'><strong><em>καὶ</em></strong></span> <span class='ocrx_word' id='word_1_97' title='bbox 2262 1313 2483 1400; x_wconf 78' lang='grc' dir='ltr'><strong><em>ἠδολέ-</em></strong></span> <span class='ocrx_word' id='word_1_98' title='bbox 2504 1320 2575 1380; x_wconf 72' lang='lat'><strong><em>12</em></strong></span> 
     </span>
    </p>

    <p class='ocr_par' dir='ltr' id='par_1_4' title="bbox 173 1411 2794 1917">
     <span class='ocr_line' id='line_1_11' title="bbox 173 1411 2609 1505; baseline -0.002 -19"><span class='ocrx_word' id='word_1_99' title='bbox 173 1430 234 1487; x_wconf 87' lang='lat'><strong><em>10</em></strong></span> <span class='ocrx_word' id='word_1_100' title='bbox 249 1442 435 1505; x_wconf 86' lang='grc' dir='ltr'><strong><em>σχουν</em></strong></span> <span class='ocrx_word' id='word_1_101' title='bbox 480 1411 582 1503; x_wconf 71' lang='grc' dir='ltr'><strong><em>ἐφ’</em></strong></span> <span class='ocrx_word' id='word_1_102' title='bbox 632 1415 869 1500; x_wconf 76' lang='grc' dir='ltr'><strong><em>ίκανόν,</em></strong></span> <span class='ocrx_word' id='word_1_103' title='bbox 917 1416 956 1482; x_wconf 84' lang='grc' dir='ltr'><strong><em>δ</em></strong></span> <span class='ocrx_word' id='word_1_104' title='bbox 1003 1415 1074 1481; x_wconf 83' lang='grc' dir='ltr'><strong><em>δὲ</em></strong></span> <span class='ocrx_word' id='word_1_105' title='bbox 1117 1415 1271 1488; x_wconf 83' lang='grc' dir='ltr'><strong><em>ναὸς</em></strong></span> <span class='ocrx_word' id='word_1_106' title='bbox 1316 1417 1438 1482; x_wconf 72' lang='grc' dir='ltr'><strong><em>οὐκ</em></strong></span> <span class='ocrx_word' id='word_1_107' title='bbox 1487 1417 1786 1503; x_wconf 76' lang='grc' dir='ltr'><strong><em>ἧνέῳκτο.</em></strong></span> <span class='ocrx_word' id='word_1_108' title='bbox 1877 1416 2001 1502; x_wconf 78' lang='grc' dir='ltr'><strong><em>ὀψὲ</em></strong></span> <span class='ocrx_word' id='word_1_109' title='bbox 2048 1417 2120 1483; x_wconf 82' lang='grc' dir='ltr'><strong><em>δέ</em></strong></span> <span class='ocrx_word' id='word_1_110' title='bbox 2161 1441 2312 1484; x_wconf 91' lang='grc' dir='ltr'><strong><em>ποτε</em></strong></span> <span class='ocrx_word' id='word_1_111' title='bbox 2355 1422 2486 1485; x_wconf 84' lang='grc' dir='ltr'><strong><em>τῶν</em></strong></span> <span class='ocrx_word' id='word_1_112' title='bbox 2503 1423 2609 1482; x_wconf 81' lang='lat'><strong><em>18.</em></strong></span> 
     </span>
     <span class='ocr_line' id='line_1_12' title="bbox 250 1520 2484 1607; baseline -0 -20"><span class='ocrx_word' id='word_1_113' title='bbox 250 1524 571 1605; x_wconf 79' lang='grc' dir='ltr'><strong><em>αἶρετικῶν</em></strong></span> <span class='ocrx_word' id='word_1_114' title='bbox 630 1520 1069 1605; x_wconf 81' lang='grc' dir='ltr'><strong><em>μεταστάντων</em></strong></span> <span class='ocrx_word' id='word_1_115' title='bbox 1132 1521 1195 1585; x_wconf 79' lang='grc' dir='ltr'><strong><em>οἷ</em></strong></span> <span class='ocrx_word' id='word_1_116' title='bbox 1247 1520 1594 1604; x_wconf 78' lang='grc' dir='ltr'><strong><em>ὀρθόδοξοι</em></strong></span> <span class='ocrx_word' id='word_1_117' title='bbox 1646 1526 1758 1586; x_wconf 88' lang='grc' dir='ltr'><strong><em>τοῦ</em></strong></span> <span class='ocrx_word' id='word_1_118' title='bbox 1815 1520 2095 1607; x_wconf 80' lang='grc' dir='ltr'><strong><em>μεγάλου</em></strong></span> <span class='ocrx_word' id='word_1_119' title='bbox 2152 1520 2484 1586; x_wconf 78' lang='grc' dir='ltr'><strong><em>Βασιλείου</em></strong></span> 
     </span>
     <span class='ocr_line' id='line_1_13' title="bbox 249 1624 2794 1710; baseline -0.001 -19"><span class='ocrx_word' id='word_1_120' title='bbox 249 1624 700 1710; x_wconf 84' lang='grc' dir='ltr'><strong><em>προϊσταμένου</em></strong></span> <span class='ocrx_word' id='word_1_121' title='bbox 759 1624 971 1689; x_wconf 74' lang='grc' dir='ltr'><strong><em>αὐτῶν</em></strong></span> <span class='ocrx_word' id='word_1_122' title='bbox 1029 1629 1138 1709; x_wconf 85' lang='grc' dir='ltr'><strong><em>τῆς</em></strong></span> <span class='ocrx_word' id='word_1_123' title='bbox 1196 1624 1477 1709; x_wconf 77' lang='grc' dir='ltr'><strong><em>δεήσεως</em></strong></span> <span class='ocrx_word' id='word_1_124' title='bbox 1540 1625 1838 1709; x_wconf 82' lang='grc' dir='ltr'><strong><em>ἤρξαντο·</em></strong></span> <span class='ocrx_word' id='word_1_125' title='bbox 1902 1624 2011 1691; x_wconf 77' lang='grc' dir='ltr'><strong><em>καὶ</em></strong></span> <span class='ocrx_word' id='word_1_126' title='bbox 2073 1624 2321 1690; x_wconf 79' lang='grc' dir='ltr'><strong><em>αὐτίκα</em></strong></span> <span class='ocrx_word' id='word_1_127' title='bbox 2357 1629 2487 1690; x_wconf 85' lang='grc' dir='ltr'><strong><em>τῶν</em></strong></span> <span class='ocrx_word' id='word_1_128' title='bbox 2506 1632 2575 1690; x_wconf 88' lang='grc'><strong><em>14</em></strong></span> <span class='ocrx_word' id='word_1_129' title='bbox 2615 1628 2794 1691; x_wconf 77' lang='lat' dir='ltr'>wlni</span> 
     </span>
     <span class='ocr_line' id='line_1_14' title="bbox 251 1726 2488 1814; baseline -0.001 -18"><span class='ocrx_word' id='word_1_130' title='bbox 251 1728 558 1812; x_wconf 85' lang='grc' dir='ltr'><strong><em>κλείθρων</em></strong></span> <span class='ocrx_word' id='word_1_131' title='bbox 614 1727 1081 1812; x_wconf 77' lang='grc' dir='ltr'><strong><em>διαρραγέντων</em></strong></span> <span class='ocrx_word' id='word_1_132' title='bbox 1134 1726 1242 1793; x_wconf 78' lang='grc' dir='ltr'><strong><em>καὶ</em></strong></span> <span class='ocrx_word' id='word_1_133' title='bbox 1294 1732 1425 1792; x_wconf 82' lang='grc' dir='ltr'><strong><em>τῶν</em></strong></span> <span class='ocrx_word' id='word_1_134' title='bbox 1478 1726 1743 1813; x_wconf 84' lang='grc' dir='ltr'><strong><em>μοχλῶν</em></strong></span> <span class='ocrx_word' id='word_1_135' title='bbox 1797 1728 1865 1793; x_wconf 75' lang='grc' dir='ltr'><strong><em>αἱ</em></strong></span> <span class='ocrx_word' id='word_1_136' title='bbox 1915 1727 2104 1793; x_wconf 81' lang='grc' dir='ltr'><strong><em>πύλαι</em></strong></span> <span class='ocrx_word' id='word_1_137' title='bbox 2162 1727 2488 1814; x_wconf 84' lang='grc' dir='ltr'><strong><em>διέστησαν</em></strong></span> 
     </span>
     <span class='ocr_line' id='line_1_15' title="bbox 252 1828 2266 1917; baseline 0 -21"><span class='ocrx_word' id='word_1_138' title='bbox 252 1828 352 1896; x_wconf 78' lang='grc' dir='ltr'><strong><em>ἀπ’</em></strong></span> <span class='ocrx_word' id='word_1_139' title='bbox 399 1830 688 1915; x_wconf 79' lang='grc' dir='ltr'><strong><em>ἀλλήλων</em></strong></span> <span class='ocrx_word' id='word_1_140' title='bbox 731 1830 838 1896; x_wconf 80' lang='grc' dir='ltr'><strong><em>καὶ</em></strong></span> <span class='ocrx_word' id='word_1_141' title='bbox 883 1836 993 1914; x_wconf 85' lang='grc' dir='ltr'><strong><em>τῆς</em></strong></span> <span class='ocrx_word' id='word_1_142' title='bbox 1036 1830 1287 1896; x_wconf 75' lang='grc' dir='ltr'><strong><em>εἰσόδου</em></strong></span> <span class='ocrx_word' id='word_1_143' title='bbox 1331 1836 1462 1902; x_wconf 87' lang='grc' dir='ltr'><strong><em>τοῖς</em></strong></span> <span class='ocrx_word' id='word_1_144' title='bbox 1504 1837 1740 1904; x_wconf 84' lang='grc' dir='ltr'><strong><em>πιστοῖς</em></strong></span> <span class='ocrx_word' id='word_1_145' title='bbox 1782 1832 2266 1917; x_wconf 85' lang='grc' dir='ltr'><strong><em>παρεχώρησαν.</em></strong></span> 
     </span>
    </p>

    <p class='ocr_par' dir='ltr' id='par_1_5' title="bbox 176 1931 2658 2332">
     <span class='ocr_line' id='line_1_16' title="bbox 176 1931 2658 2020; baseline 0 -21"><span class='ocrx_word' id='word_1_146' title='bbox 176 1942 237 1999; x_wconf 74' lang='lat'><strong><em>15</em></strong></span> <span class='ocrx_word' id='word_1_147' title='bbox 429 1931 632 2005; x_wconf 79' lang='grc' dir='ltr'><strong><em>Οὗτος</em></strong></span> <span class='ocrx_word' id='word_1_148' title='bbox 686 1933 724 1998; x_wconf 84' lang='grc' dir='ltr'>ὁ</span> <span class='ocrx_word' id='word_1_149' title='bbox 782 1932 1069 2019; x_wconf 81' lang='grc' dir='ltr'><strong><em>βασιλεὺς</em></strong></span> <span class='ocrx_word' id='word_1_150' title='bbox 1100 1932 1351 2020; x_wconf 85' lang='grc' dir='ltr'><strong><em>Ἕλλησι</em></strong></span> <span class='ocrx_word' id='word_1_151' title='bbox 1402 1934 1523 2020; x_wconf 78' lang='grc' dir='ltr'><strong><em>μὲν</em></strong></span> <span class='ocrx_word' id='word_1_152' title='bbox 1580 1935 1792 2001; x_wconf 76' lang='grc' dir='ltr'><strong><em>ἐδίδου</em></strong></span> <span class='ocrx_word' id='word_1_153' title='bbox 1848 1935 2076 2007; x_wconf 85' lang='grc' dir='ltr'><strong><em>θυσίας</em></strong></span> <span class='ocrx_word' id='word_1_154' title='bbox 2126 1939 2324 2001; x_wconf 87' lang='grc' dir='ltr'><strong><em>ποιεῖν</em></strong></span> <span class='ocrx_word' id='word_1_155' title='bbox 2379 1933 2487 2001; x_wconf 73' lang='grc' dir='ltr'><strong><em>καὶ</em></strong></span> <span class='ocrx_word' id='word_1_156' title='bbox 2511 1941 2579 2000; x_wconf 70' lang='lat'><strong><em>1⁶</em></strong></span> <span class='ocrx_word' id='word_1_157' title='bbox 2611 1939 2658 2001; x_wconf 85' lang='lat'><em>0</em></span> 
     </span>
     <span class='ocr_line' id='line_1_17' title="bbox 244 2037 2485 2123; baseline 0 -20"><span class='ocrx_word' id='word_1_158' title='bbox 244 2037 560 2110; x_wconf 79' lang='grc' dir='ltr'><strong><em>Ἰουδαίοις</em></strong></span> <span class='ocrx_word' id='word_1_159' title='bbox 632 2038 1000 2121; x_wconf 82' lang='grc' dir='ltr'><strong><em>προσέκειτο</em></strong></span> <span class='ocrx_word' id='word_1_160' title='bbox 1013 2055 1027 2070; x_wconf 91' lang='grc'><em>·</em></span> <span class='ocrx_word' id='word_1_161' title='bbox 1102 2044 1230 2111; x_wconf 78' lang='grc' dir='ltr'><strong><em>τοῖς</em></strong></span> <span class='ocrx_word' id='word_1_162' title='bbox 1298 2039 1357 2105; x_wconf 87' lang='grc' dir='ltr'><strong><em>δ’</em></strong></span> <span class='ocrx_word' id='word_1_163' title='bbox 1428 2038 1809 2123; x_wconf 78' lang='grc' dir='ltr'><strong><em>ὀρθοδόξοις</em></strong></span> <span class='ocrx_word' id='word_1_164' title='bbox 1873 2038 2094 2123; x_wconf 85' lang='grc' dir='ltr'><strong><em>μόνοις</em></strong></span> <span class='ocrx_word' id='word_1_165' title='bbox 2160 2037 2485 2103; x_wconf 80' lang='grc' dir='ltr'><strong><em>ὀντέκειτο.</em></strong></span> 
     </span>
     <span class='ocr_line' id='line_1_18' title="bbox 252 2139 2573 2228; baseline 0.001 -22"><span class='ocrx_word' id='word_1_166' title='bbox 252 2141 532 2207; x_wconf 79' lang='grc' dir='ltr'><strong><em>Σκυθῶν</em></strong></span> <span class='ocrx_word' id='word_1_167' title='bbox 596 2141 666 2206; x_wconf 83' lang='grc' dir='ltr'><strong><em>δὲ</em></strong></span> <span class='ocrx_word' id='word_1_168' title='bbox 727 2140 840 2227; x_wconf 83' lang='grc' dir='ltr'><strong><em>τὴν</em></strong></span> <span class='ocrx_word' id='word_1_169' title='bbox 904 2140 1229 2226; x_wconf 77' lang='grc' dir='ltr'><strong><em>Θρᾳκῴαν</em></strong></span> <span class='ocrx_word' id='word_1_170' title='bbox 1292 2142 1400 2208; x_wconf 82' lang='grc' dir='ltr'><strong><em>καὶ</em></strong></span> <span class='ocrx_word' id='word_1_171' title='bbox 1458 2141 1913 2228; x_wconf 61' lang='grc' dir='ltr'><strong><em>ᾹῙακεδονικὴν</em></strong></span> <span class='ocrx_word' id='word_1_172' title='bbox 1975 2139 2487 2226; x_wconf 83' lang='grc' dir='ltr'><strong><em>κατατρεχόντων</em></strong></span> <span class='ocrx_word' id='word_1_173' title='bbox 2507 2149 2573 2208; x_wconf 80' lang='grc'><strong><em>16</em></strong></span> 
     </span>
     <span class='ocr_line' id='line_1_19' title="bbox 253 2243 2573 2332; baseline 0.001 -23"><span class='ocrx_word' id='word_1_174' title='bbox 253 2246 464 2331; x_wconf 85' lang='grc' dir='ltr'><strong><em>χώραν</em></strong></span> <span class='ocrx_word' id='word_1_175' title='bbox 517 2243 680 2330; x_wconf 69' lang='grc' dir='ltr'><strong><em>ἐξῄει</em></strong></span> <span class='ocrx_word' id='word_1_176' title='bbox 732 2244 974 2318; x_wconf 77' lang='grc' dir='ltr'><strong><em>τούτοις</em></strong></span> <span class='ocrx_word' id='word_1_177' title='bbox 1027 2245 1518 2332; x_wconf 81' lang='grc' dir='ltr'><strong><em>ἀντιταξόμενος.</em></strong></span> <span class='ocrx_word' id='word_1_178' title='bbox 1610 2245 1712 2311; x_wconf 80' lang='grc' dir='ltr'><strong><em>ὅτε</em></strong></span> <span class='ocrx_word' id='word_1_179' title='bbox 1766 2244 1873 2311; x_wconf 79' lang='grc' dir='ltr'><strong><em>καὶ</em></strong></span> <span class='ocrx_word' id='word_1_180' title='bbox 1926 2244 1965 2310; x_wconf 85' lang='grc' dir='ltr'>ὁ</span> <span class='ocrx_word' id='word_1_181' title='bbox 2016 2245 2216 2330; x_wconf 80' lang='grc' dir='ltr'><strong><em>μέγας</em></strong></span> <span class='ocrx_word' id='word_1_182' title='bbox 2277 2243 2487 2330; x_wconf 83' lang='grc' dir='ltr'><strong><em>πατὴρ</em></strong></span> <span class='ocrx_word' id='word_1_183' title='bbox 2509 2252 2573 2312; x_wconf 85' lang='grc'><strong><em>17</em></strong></span> 
     </span>
    </p>
   </div>
   <div class='ocr_carea' id='block_1_3' title="bbox 255 2435 2487 2514">
    <p class='ocr_par' dir='ltr' id='par_1_6' title="bbox 255 2435 2487 2514">
     <span class='ocr_line' id='line_1_20' title="bbox 255 2435 2487 2514; baseline 0 -18"><span class='ocrx_word' id='word_1_184' title='bbox 255 2439 316 2498; x_wconf 80' lang='grc'><strong><em>17</em></strong></span> <span class='ocrx_word' id='word_1_185' title='bbox 349 2438 466 2511; x_wconf 75' lang='grc' dir='ltr'><strong><em>περὶ</em></strong></span> <span class='ocrx_word' id='word_1_186' title='bbox 503 2446 593 2514; x_wconf 76' lang='grc' dir='ltr'><strong><em>τῆς</em></strong></span> <span class='ocrx_word' id='word_1_187' title='bbox 630 2447 723 2497; x_wconf 76' lang='grc' dir='ltr'><strong><em>τοῦ</em></strong></span> <span class='ocrx_word' id='word_1_188' title='bbox 759 2440 908 2497; x_wconf 80' lang='grc' dir='ltr'><strong><em>όσίου</em></strong></span> <span class='ocrx_word' id='word_1_189' title='bbox 940 2440 1208 2498; x_wconf 84' lang='grc' dir='ltr'><strong><em>Ἰσαακίου</em></strong></span> <span class='ocrx_word' id='word_1_190' title='bbox 1232 2440 1597 2512; x_wconf 77' lang='grc' dir='ltr'><strong><em>προρρήσεως</em></strong></span> <span class='ocrx_word' id='word_1_191' title='bbox 1634 2437 1770 2498; x_wconf 78' lang='grc' dir='ltr'><strong><em>κατὰ</em></strong></span> <span class='ocrx_word' id='word_1_192' title='bbox 1812 2435 2106 2503; x_wconf 79' lang='grc' dir='ltr'><strong><em>Οὐάλεντος</em></strong></span> <span class='ocrx_word' id='word_1_193' title='bbox 2144 2436 2215 2510; x_wconf 84' lang='grc' dir='ltr'><strong><em>Α,</em></strong></span> <span class='ocrx_word' id='word_1_194' title='bbox 2249 2438 2370 2511; x_wconf 70' lang='grc' dir='ltr'><strong><em>περὶ</em></strong></span> <span class='ocrx_word' id='word_1_195' title='bbox 2396 2445 2487 2513; x_wconf 78' lang='grc' dir='ltr'><strong><em>τῆς</em></strong></span> 
     </span>
    </p>
   </div>
   <div class='ocr_carea' id='block_1_4' title="bbox 253 2512 2487 2640">
    <p class='ocr_par' dir='ltr' id='par_1_7' title="bbox 253 2512 2487 2640">
     <span class='ocr_line' id='line_1_21' title="bbox 253 2512 2487 2640; baseline 0.001 -74"><span class='ocrx_word' id='word_1_196' title='bbox 253 2513 497 2640; x_wconf 43' lang='grc' dir='ltr'><strong><em>τείλευτέζῖ·</em></strong></span> <span class='ocrx_word' id='word_1_197' title='bbox 517 2521 607 2569; x_wconf 79' lang='grc' dir='ltr'><strong><em>τοῦ</em></strong></span> <span class='ocrx_word' id='word_1_198' title='bbox 638 2513 960 2575; x_wconf 66' lang='grc' dir='ltr'><strong><em>Οὐάλεντος·</em></strong></span> <span class='ocrx_word' id='word_1_199' title='bbox 998 2513 1089 2569; x_wconf 72' lang='grc' dir='ltr'><strong><em>καὶ</em></strong></span> <span class='ocrx_word' id='word_1_200' title='bbox 1127 2520 1218 2585; x_wconf 80' lang='grc' dir='ltr'><strong><em>τῆς</em></strong></span> <span class='ocrx_word' id='word_1_201' title='bbox 1252 2514 1374 2583; x_wconf 77' lang='grc' dir='ltr'><strong><em>περὶ</em></strong></span> <span class='ocrx_word' id='word_1_202' title='bbox 1413 2514 1603 2585; x_wconf 81' lang='grc' dir='ltr'><strong><em>ταύτης</em></strong></span> <span class='ocrx_word' id='word_1_203' title='bbox 1625 2513 1977 2585; x_wconf 81' lang='grc' dir='ltr'><strong><em>προρρήσεως</em></strong></span> <span class='ocrx_word' id='word_1_204' title='bbox 2003 2519 2097 2568; x_wconf 77' lang='grc' dir='ltr'><strong><em>τοῦ</em></strong></span> <span class='ocrx_word' id='word_1_205' title='bbox 2133 2512 2282 2568; x_wconf 72' lang='lat' dir='ltr'>«loton</span> <span class='ocrx_word' id='word_1_206' title='bbox 2308 2513 2487 2569; x_wconf 81' lang='grc' dir='ltr'><strong><em>Ἰσαα·</em></strong></span> 
     </span>
     <span class='ocr_line' id='line_1_22' title="bbox 255 2604 1807 2640; baseline 0.015 -3"><span class='ocrx_word' id='word_1_207' title='bbox 255 2605 287 2638; x_wconf 87' lang='grc' dir='ltr'><strong><em>κ</em></strong></span> <span class='ocrx_word' id='word_1_208' title='bbox 306 2605 367 2638; x_wconf 89' lang='grc' dir='ltr'><strong><em>ου</em></strong></span> <span class='ocrx_word' id='word_1_209' title='bbox 475 2620 498 2640; x_wconf 61' lang='lat'><em>⁴</em></span> <span class='ocrx_word' id='word_1_210' title='bbox 1801 2604 1807 2611; x_wconf 74' lang='grc'><strong>’</strong></span> 
     </span>
    </p>
   </div>
   <div class='ocr_carea' id='block_1_5' title="bbox 352 2740 2484 2908">
    <p class='ocr_par' dir='ltr' id='par_1_8' title="bbox 352 2740 2484 2908">
     <span class='ocr_line' id='line_1_23' title="bbox 356 2740 2484 2836; baseline 0.001 -18"><span class='ocrx_word' id='word_1_211' title='bbox 356 2763 382 2818; x_wconf 93' lang='lat'>1</span> <span class='ocrx_word' id='word_1_212' title='bbox 424 2764 473 2819; x_wconf 75' lang='grc' dir='ltr'><strong><em>δ’</em></strong></span> <span class='ocrx_word' id='word_1_213' title='bbox 513 2780 627 2822; x_wconf 86' lang='lat' dir='ltr'><strong><em>om.</em></strong></span> <span class='ocrx_word' id='word_1_214' title='bbox 666 2781 719 2822; x_wconf 83' lang='lat' dir='ltr'><strong>w</strong></span> <span class='ocrx_word' id='word_1_215' title='bbox 766 2806 780 2834; x_wconf 88' lang='lat'>,</span> <span class='ocrx_word' id='word_1_216' title='bbox 820 2776 944 2823; x_wconf 83' lang='lat' dir='ltr'><strong><em>non</em></strong></span> <span class='ocrx_word' id='word_1_217' title='bbox 982 2762 1090 2821; x_wconf 84' lang='lat' dir='ltr'><strong><em>AR</em></strong></span> <span class='ocrx_word' id='word_1_218' title='bbox 1269 2763 1306 2820; x_wconf 80' lang='lat'><strong>2</strong></span> <span class='ocrx_word' id='word_1_219' title='bbox 1341 2762 1409 2836; x_wconf 76' lang='lat' dir='ltr'><strong><em>el]</em></strong></span> <span class='ocrx_word' id='word_1_220' title='bbox 1447 2767 1505 2821; x_wconf 83' lang='lat' dir='ltr'><strong><em>ot</em></strong></span> <span class='ocrx_word' id='word_1_221' title='bbox 1538 2763 1593 2820; x_wconf 93' lang='lat' dir='ltr'>D</span> <span class='ocrx_word' id='word_1_222' title='bbox 1783 2764 1821 2821; x_wconf 78' lang='lat'><strong>3</strong></span> <span class='ocrx_word' id='word_1_223' title='bbox 1860 2740 2169 2835; x_wconf 66' lang='grc' dir='ltr'><strong><em>αὐτομάτως</em></strong></span> <span class='ocrx_word' id='word_1_224' title='bbox 2210 2777 2364 2821; x_wconf 83' lang='lat' dir='ltr'>corr.</span> <span class='ocrx_word' id='word_1_225' title='bbox 2403 2778 2484 2820; x_wconf 82' lang='lat' dir='ltr'>ex</span> 
     </span>
     <span class='ocr_line' id='line_1_24' title="bbox 352 2833 2483 2908; baseline 0 -16"><span class='ocrx_word' id='word_1_226' title='bbox 352 2836 694 2907; x_wconf 80' lang='grc' dir='ltr'><strong><em>αὕτοκρᾶτως</em></strong></span> <span class='ocrx_word' id='word_1_227' title='bbox 929 2837 1105 2900; x_wconf 76' lang='grc' dir='ltr'><strong><em>αὐτοῖς</em></strong></span> <span class='ocrx_word' id='word_1_228' title='bbox 1140 2837 1291 2908; x_wconf 75' lang='grc' dir='ltr'><strong><em>ἀνοιχ</em></strong></span> <span class='ocrx_word' id='word_1_229' title='bbox 1410 2866 1479 2879; x_wconf 88' lang='grc'>-</span> <span class='ocrx_word' id='word_1_230' title='bbox 1515 2836 1553 2893; x_wconf 97' lang='grc'>4</span> <span class='ocrx_word' id='word_1_231' title='bbox 1589 2835 1681 2893; x_wconf 77' lang='grc' dir='ltr'><strong><em>καὶ</em></strong></span> <span class='ocrx_word' id='word_1_232' title='bbox 1706 2836 1756 2893; x_wconf 79' lang='grc' dir='ltr'><strong><em>εί</em></strong></span> <span class='ocrx_word' id='word_1_233' title='bbox 1775 2835 1875 2908; x_wconf 74' lang='grc' dir='ltr'><strong><em>μὲν</em></strong></span> <span class='ocrx_word' id='word_1_234' title='bbox 1913 2852 2029 2894; x_wconf 79' lang='lat' dir='ltr'>mu.</span> <span class='ocrx_word' id='word_1_235' title='bbox 2066 2835 2115 2893; x_wconf 79' lang='grc' dir='ltr'>Ε</span> <span class='ocrx_word' id='word_1_236' title='bbox 2185 2847 2197 2865; x_wconf 81' lang='grc'><strong>’</strong></span> <span class='ocrx_word' id='word_1_237' title='bbox 2256 2833 2293 2892; x_wconf 70' lang='grc' dir='ltr'><strong>δ</strong></span> <span class='ocrx_word' id='word_1_238' title='bbox 2322 2835 2483 2892; x_wconf 83' lang='grc' dir='ltr'><strong><em>πύλαι</em></strong></span> 
     </span>
    </p>
   </div>
   <div class='ocr_carea' id='block_1_6' title="bbox 352 2907 2488 3056">
    <p class='ocr_par' dir='ltr' id='par_1_9' title="bbox 352 2907 2488 3056">
     <span class='ocr_line' id='line_1_25' title="bbox 353 2907 2488 2984; baseline -0 -19"><span class='ocrx_word' id='word_1_239' title='bbox 353 2908 474 2980; x_wconf 83' lang='lat' dir='ltr'><strong><em>AR,</em></strong></span> <span class='ocrx_word' id='word_1_240' title='bbox 510 2911 675 2981; x_wconf 86' lang='grc' dir='ltr'><strong><em>θύραι</em></strong></span> <span class='ocrx_word' id='word_1_241' title='bbox 712 2909 867 2984; x_wconf 82' lang='lat' dir='ltr'><strong>pr</strong></span> <span class='ocrx_word' id='word_1_242' title='bbox 1051 2912 1088 2967; x_wconf 84' lang='lat'>8</span> <span class='ocrx_word' id='word_1_243' title='bbox 1120 2912 1294 2972; x_wconf 78' lang='grc' dir='ltr'><strong><em>οὕτως</em></strong></span> <span class='ocrx_word' id='word_1_244' title='bbox 1387 2909 1457 2981; x_wconf 82' lang='lat' dir='ltr'><strong><em>R,</em></strong></span> <span class='ocrx_word' id='word_1_245' title='bbox 1494 2916 1650 2966; x_wconf 83' lang='grc' dir='ltr'><strong><em>ταῦτα</em></strong></span> <span class='ocrx_word' id='word_1_246' title='bbox 1687 2907 1841 2983; x_wconf 85' lang='lat' dir='ltr'>pr</span> <span class='ocrx_word' id='word_1_247' title='bbox 2009 2910 2045 2966; x_wconf 81' lang='lat'><strong>9</strong></span> <span class='ocrx_word' id='word_1_248' title='bbox 2080 2910 2138 2965; x_wconf 81' lang='grc' dir='ltr'><strong><em>οί</em></strong></span> <span class='ocrx_word' id='word_1_249' title='bbox 2168 2908 2488 2980; x_wconf 77' lang='grc' dir='ltr'><strong><em>ἅρειανίζον·</em></strong></span> 
     </span>
     <span class='ocr_line' id='line_1_26' title="bbox 352 2978 2486 3056; baseline 0 -20"><span class='ocrx_word' id='word_1_250' title='bbox 352 3002 432 3042; x_wconf 87' lang='grc' dir='ltr'><strong><em>τες</em></strong></span> <span class='ocrx_word' id='word_1_251' title='bbox 463 2983 473 3053; x_wconf 87' lang='grc' dir='ltr'>Ι</span> <span class='ocrx_word' id='word_1_252' title='bbox 504 2980 574 3053; x_wconf 83' lang='lat' dir='ltr'><strong><em>A,</em></strong></span> <span class='ocrx_word' id='word_1_253' title='bbox 611 2984 669 3038; x_wconf 79' lang='grc' dir='ltr'><strong><em>οἱ</em></strong></span> <span class='ocrx_word' id='word_1_254' title='bbox 681 2983 911 3053; x_wconf 78' lang='grc' dir='ltr'><strong><em>ἆρειανοὶ</em></strong></span> <span class='ocrx_word' id='word_1_255' title='bbox 930 2990 1021 3040; x_wconf 82' lang='grc' dir='ltr'><strong><em>τοῦ·</em></strong></span> <span class='ocrx_word' id='word_1_256' title='bbox 1040 2983 1175 3039; x_wconf 82' lang='grc' dir='ltr'><strong><em>θεοῦ</em></strong></span> <span class='ocrx_word' id='word_1_257' title='bbox 1196 2982 1346 3056; x_wconf 82' lang='lat' dir='ltr'>pr</span> <span class='ocrx_word' id='word_1_258' title='bbox 1471 2980 1539 3039; x_wconf 79' lang='grc'><strong><em>12</em></strong></span> <span class='ocrx_word' id='word_1_259' title='bbox 1572 2982 1977 3055; x_wconf 69' lang='grc' dir='ltr'><strong><em>προηγουμένου</em></strong></span> <span class='ocrx_word' id='word_1_260' title='bbox 1999 2981 2103 3039; x_wconf 79' lang='lat' dir='ltr'><strong><em>Rw</em></strong></span> <span class='ocrx_word' id='word_1_261' title='bbox 2267 2980 2336 3039; x_wconf 79' lang='grc'><strong><em>14</em></strong></span> <span class='ocrx_word' id='word_1_262' title='bbox 2373 2978 2486 3053; x_wconf 79' lang='grc' dir='ltr'><strong><em>τῆς]</em></strong></span> 
     </span>
    </p>
   </div>
   <div class='ocr_carea' id='block_1_7' title="bbox 354 2997 2486 3200">
    <p class='ocr_par' dir='ltr' id='par_1_10' title="bbox 354 2997 2486 3200">
     <span class='ocr_line' id='line_1_27' title="bbox 354 2997 2486 3200; baseline -0 -89"><span class='ocrx_word' id='word_1_263' title='bbox 354 3055 813 3200; x_wconf 46' lang='grc' dir='ltr'><strong><em>ἱὶῶῷρῐγροιῑιοῐα</em></strong></span> <span class='ocrx_word' id='word_1_264' title='bbox 848 3055 1018 3130; x_wconf 86' lang='lat' dir='ltr'>apud</span> <span class='ocrx_word' id='word_1_265' title='bbox 1054 3054 1143 3114; x_wconf 80' lang='lat' dir='ltr'><strong><em>Di</em></strong></span> <span class='ocrx_word' id='word_1_266' title='bbox 1288 3053 1357 3112; x_wconf 70' lang='lat'><strong><em>15</em></strong></span> <span class='ocrx_word' id='word_1_267' title='bbox 1391 3055 1426 3111; x_wconf 72' lang='grc' dir='ltr'><strong><em>ὅ</em></strong></span> <span class='ocrx_word' id='word_1_268' title='bbox 1452 3053 1700 3128; x_wconf 78' lang='grc' dir='ltr'><strong><em>βασιλεὺς</em></strong></span> <span class='ocrx_word' id='word_1_269' title='bbox 1737 3068 1853 3114; x_wconf 86' lang='lat' dir='ltr'><strong><em>om.</em></strong></span> <span class='ocrx_word' id='word_1_270' title='bbox 1874 3054 1931 3113; x_wconf 91' lang='lat' dir='ltr'>D</span> <span class='ocrx_word' id='word_1_271' title='bbox 2021 3123 2026 3130; x_wconf 40' lang='lat'><em>,</em></span> <span class='ocrx_word' id='word_1_272' title='bbox 2077 2997 2147 3112; x_wconf 63' lang='lat'><strong><em>1¹6¹</em></strong></span> <span class='ocrx_word' id='word_1_273' title='bbox 2181 3053 2486 3127; x_wconf 74' lang='grc' dir='ltr'><strong><em>ὅρθόφροσι</em></strong></span> 
     </span>
    </p>
   </div>
   <div class='ocr_carea' id='block_1_8' title="bbox 254 3324 2580 4414">
    <p class='ocr_par' dir='ltr' id='par_1_11' title="bbox 254 3324 2580 4195">
     <span class='ocr_line' id='line_1_28' title="bbox 257 3324 2493 3396; baseline 0.002 -17"><span class='ocrx_word' id='word_1_274' title='bbox 257 3329 356 3395; x_wconf 89' lang='lat' dir='ltr'>est,</span> <span class='ocrx_word' id='word_1_275' title='bbox 404 3341 439 3384; x_wconf 91' lang='grc' dir='ltr'><strong><em>ο</em></strong></span> <span class='ocrx_word' id='word_1_276' title='bbox 474 3342 603 3396; x_wconf 82' lang='lat' dir='ltr'>rex,</span> <span class='ocrx_word' id='word_1_277' title='bbox 661 3326 776 3385; x_wconf 88' lang='lat' dir='ltr'>deo</span> <span class='ocrx_word' id='word_1_278' title='bbox 825 3327 1116 3385; x_wconf 84' lang='lat' dir='ltr'>iudicium</span> <span class='ocrx_word' id='word_1_279' title='bbox 1166 3327 1349 3384; x_wconf 83' lang='lat' dir='ltr'>huius</span> <span class='ocrx_word' id='word_1_280' title='bbox 1396 3325 1869 3385; x_wconf 85' lang='lat' dir='ltr'>controversiae.</span> <span class='ocrx_word' id='word_1_281' title='bbox 1942 3324 2278 3384; x_wconf 85' lang='lat' dir='ltr'>Claudatur</span> <span class='ocrx_word' id='word_1_282' title='bbox 2315 3341 2493 3384; x_wconf 90' lang='lat' dir='ltr'>accu-</span> 
     </span>
     <span class='ocr_line' id='line_1_29' title="bbox 254 3398 2545 3472; baseline 0.002 -20"><span class='ocrx_word' id='word_1_283' title='bbox 254 3400 380 3453; x_wconf 87' lang='lat' dir='ltr'>rate</span> <span class='ocrx_word' id='word_1_284' title='bbox 414 3399 721 3471; x_wconf 86' lang='lat' dir='ltr'>templum.</span> <span class='ocrx_word' id='word_1_285' title='bbox 795 3400 967 3458; x_wconf 83' lang='lat' dir='ltr'>Foris</span> <span class='ocrx_word' id='word_1_286' title='bbox 1010 3406 1240 3458; x_wconf 86' lang='lat' dir='ltr'>stantes</span> <span class='ocrx_word' id='word_1_287' title='bbox 1277 3398 1492 3457; x_wconf 83' lang='lat' dir='ltr'>Ariani</span> <span class='ocrx_word' id='word_1_288' title='bbox 1530 3404 1858 3472; x_wconf 75' lang='lat' dir='ltr'><strong>precentur</strong></span> <span class='ocrx_word' id='word_1_289' title='bbox 1895 3398 2094 3458; x_wconf 87' lang='lat' dir='ltr'>deum.</span> <span class='ocrx_word' id='word_1_290' title='bbox 2167 3398 2402 3465; x_wconf 88' lang='lat' dir='ltr'>Quibus</span> <span class='ocrx_word' id='word_1_291' title='bbox 2438 3398 2545 3458; x_wconf 78' lang='lat' dir='ltr'><strong><em>si9</em></strong></span> 
     </span>
     <span class='ocr_line' id='line_1_30' title="bbox 256 3468 2492 3546; baseline 0.002 -23"><span class='ocrx_word' id='word_1_292' title='bbox 256 3468 405 3526; x_wconf 86' lang='lat' dir='ltr'>ultro</span> <span class='ocrx_word' id='word_1_293' title='bbox 443 3473 815 3543; x_wconf 81' lang='lat' dir='ltr'>patefactum</span> <span class='ocrx_word' id='word_1_294' title='bbox 857 3474 971 3529; x_wconf 88' lang='lat' dir='ltr'>erit</span> <span class='ocrx_word' id='word_1_295' title='bbox 1007 3473 1313 3546; x_wconf 85' lang='lat' dir='ltr'>templum,</span> <span class='ocrx_word' id='word_1_296' title='bbox 1352 3472 1648 3543; x_wconf 79' lang='lat' dir='ltr'>habento3</span> <span class='ocrx_word' id='word_1_297' title='bbox 1705 3473 1800 3528; x_wconf 85' lang='lat' dir='ltr'><strong><em>sin</em></strong></span> <span class='ocrx_word' id='word_1_298' title='bbox 1842 3473 2058 3541; x_wconf 86' lang='lat' dir='ltr'>minus,</span> <span class='ocrx_word' id='word_1_299' title='bbox 2117 3469 2492 3529; x_wconf 85' lang='lat' dir='ltr'>concedatur</span> 
     </span>
     <span class='ocr_line' id='line_1_31' title="bbox 257 3543 2580 3618; baseline 0.002 -22"><span class='ocrx_word' id='word_1_300' title='bbox 257 3546 313 3596; x_wconf 87' lang='lat' dir='ltr'><strong><em>et</em></strong></span> <span class='ocrx_word' id='word_1_301' title='bbox 347 3544 519 3600; x_wconf 88' lang='lat' dir='ltr'>nobis</span> <span class='ocrx_word' id='word_1_302' title='bbox 557 3545 796 3618; x_wconf 86' lang='lat' dir='ltr'>precari</span> <span class='ocrx_word' id='word_1_303' title='bbox 835 3544 1034 3603; x_wconf 88' lang='lat' dir='ltr'>deum.</span> <span class='ocrx_word' id='word_1_304' title='bbox 1108 3544 1337 3612; x_wconf 79' lang='lat' dir='ltr'><strong>Quodsi</strong></span> <span class='ocrx_word' id='word_1_305' title='bbox 1377 3545 1537 3602; x_wconf 87' lang='lat' dir='ltr'>ultro</span> <span class='ocrx_word' id='word_1_306' title='bbox 1576 3550 1827 3617; x_wconf 86' lang='lat' dir='ltr'>apertae</span> <span class='ocrx_word' id='word_1_307' title='bbox 1864 3549 2044 3602; x_wconf 88' lang='lat' dir='ltr'>erunt</span> <span class='ocrx_word' id='word_1_308' title='bbox 2087 3548 2319 3616; x_wconf 85' lang='lat' dir='ltr'>portae,</span> <span class='ocrx_word' id='word_1_309' title='bbox 2374 3543 2580 3601; x_wconf 86' lang='lat' dir='ltr'>sta-10</span> 
     </span>
     <span class='ocr_line' id='line_1_32' title="bbox 257 3614 2491 3687; baseline 0.002 -20"><span class='ocrx_word' id='word_1_310' title='bbox 257 3614 537 3673; x_wconf 89' lang='lat' dir='ltr'>tuendum</span> <span class='ocrx_word' id='word_1_311' title='bbox 587 3617 702 3673; x_wconf 85' lang='lat' dir='ltr'>erit</span> <span class='ocrx_word' id='word_1_312' title='bbox 749 3634 788 3673; x_wconf 87' lang='lat' dir='ltr'>a</span> <span class='ocrx_word' id='word_1_313' title='bbox 836 3617 952 3673; x_wconf 85' lang='lat' dir='ltr'>deo</span> <span class='ocrx_word' id='word_1_314' title='bbox 1003 3616 1181 3674; x_wconf 85' lang='lat' dir='ltr'>uobis</span> <span class='ocrx_word' id='word_1_315' title='bbox 1224 3617 1581 3676; x_wconf 76' lang='lat' dir='ltr'>attributam</span> <span class='ocrx_word' id='word_1_316' title='bbox 1619 3632 1752 3674; x_wconf 90' lang='lat' dir='ltr'>esse</span> <span class='ocrx_word' id='word_1_317' title='bbox 1789 3622 2062 3673; x_wconf 82' lang='lat' dir='ltr'>sanctam</span> <span class='ocrx_word' id='word_1_318' title='bbox 2100 3615 2340 3687; x_wconf 76' lang='lat' dir='ltr'>aedein3</span> <span class='ocrx_word' id='word_1_319' title='bbox 2396 3614 2491 3672; x_wconf 88' lang='lat' dir='ltr'><strong><em>sin</em></strong></span> 
     </span>
     <span class='ocr_line' id='line_1_33' title="bbox 258 3685 2491 3762; baseline 0.002 -23"><span class='ocrx_word' id='word_1_320' title='bbox 258 3690 449 3743; x_wconf 86' lang='lat' dir='ltr'>autem</span> <span class='ocrx_word' id='word_1_321' title='bbox 487 3703 566 3746; x_wconf 86' lang='lat' dir='ltr'>ne</span> <span class='ocrx_word' id='word_1_322' title='bbox 604 3690 781 3745; x_wconf 85' lang='lat' dir='ltr'>nobis</span> <span class='ocrx_word' id='word_1_323' title='bbox 820 3689 1063 3760; x_wconf 82' lang='lat' dir='ltr'>quidem</span> <span class='ocrx_word' id='word_1_324' title='bbox 1103 3690 1393 3762; x_wconf 88' lang='lat' dir='ltr'>templum</span> <span class='ocrx_word' id='word_1_325' title='bbox 1442 3690 1813 3762; x_wconf 82' lang='lat' dir='ltr'>patefactum</span> <span class='ocrx_word' id='word_1_326' title='bbox 1864 3688 1995 3758; x_wconf 87' lang='lat' dir='ltr'>erit,</span> <span class='ocrx_word' id='word_1_327' title='bbox 2047 3688 2133 3744; x_wconf 83' lang='lat' dir='ltr'><strong><em>sic</em></strong></span> <span class='ocrx_word' id='word_1_328' title='bbox 2181 3687 2361 3744; x_wconf 85' lang='lat' dir='ltr'>etiam</span> <span class='ocrx_word' id='word_1_329' title='bbox 2410 3685 2491 3744; x_wconf 88' lang='lat' dir='ltr'>ad</span> 
     </span>
     <span class='ocr_line' id='line_1_34' title="bbox 256 3754 2577 3834; baseline 0.003 -22"><span class='ocrx_word' id='word_1_330' title='bbox 256 3754 507 3816; x_wconf 86' lang='lat' dir='ltr'>Arianos</span> <span class='ocrx_word' id='word_1_331' title='bbox 546 3761 903 3833; x_wconf 85' lang='lat' dir='ltr'>pertineto.”</span> <span class='ocrx_word' id='word_1_332' title='bbox 972 3762 1224 3819; x_wconf 80' lang='lat' dir='ltr'>Placent</span> <span class='ocrx_word' id='word_1_333' title='bbox 1275 3778 1351 3819; x_wconf 88' lang='lat' dir='ltr'><strong><em>ea</em></strong></span> <span class='ocrx_word' id='word_1_334' title='bbox 1407 3761 1541 3834; x_wconf 83' lang='lat' dir='ltr'>regi</span> <span class='ocrx_word' id='word_1_335' title='bbox 1598 3768 1658 3819; x_wconf 91' lang='lat' dir='ltr'><strong><em>et</em></strong></span> <span class='ocrx_word' id='word_1_336' title='bbox 1712 3766 1782 3818; x_wconf 82' lang='lat' dir='ltr'><strong><em>ut</em></strong></span> <span class='ocrx_word' id='word_1_337' title='bbox 1838 3760 1923 3818; x_wconf 83' lang='lat' dir='ltr'><strong><em>ita</em></strong></span> <span class='ocrx_word' id='word_1_338' title='bbox 1978 3760 2195 3817; x_wconf 86' lang='lat' dir='ltr'>flerent</span> <span class='ocrx_word' id='word_1_339' title='bbox 2249 3774 2494 3817; x_wconf 84' lang='lat' dir='ltr'>conces·</span> <span class='ocrx_word' id='word_1_340' title='bbox 2511 3759 2577 3818; x_wconf 84' lang='lat'><strong><em>11</em></strong></span> 
     </span>
     <span class='ocr_line' id='line_1_35' title="bbox 257 3828 2580 3893; baseline 0.003 -9"><span class='ocrx_word' id='word_1_341' title='bbox 257 3829 342 3886; x_wconf 85' lang='lat' dir='ltr'>sit.</span> <span class='ocrx_word' id='word_1_342' title='bbox 421 3830 621 3890; x_wconf 84' lang='lat' dir='ltr'>Aedes</span> <span class='ocrx_word' id='word_1_343' title='bbox 666 3832 1018 3893; x_wconf 77' lang='lat' dir='ltr'>Nicaeensis</span> <span class='ocrx_word' id='word_1_344' title='bbox 1073 3835 1222 3892; x_wconf 88' lang='lat' dir='ltr'>undi</span> <span class='ocrx_word' id='word_1_345' title='bbox 1268 3849 1347 3893; x_wconf 88' lang='lat' dir='ltr'><strong><em>ue</em></strong></span> <span class='ocrx_word' id='word_1_346' title='bbox 1403 3833 1725 3893; x_wconf 80' lang='lat' dir='ltr'>clauditur.</span> <span class='ocrx_word' id='word_1_347' title='bbox 1816 3832 2235 3891; x_wconf 84' lang='lat' dir='ltr'>Precabantur</span> <span class='ocrx_word' id='word_1_348' title='bbox 2277 3828 2490 3889; x_wconf 86' lang='lat' dir='ltr'>Ariani</span> <span class='ocrx_word' id='word_1_349' title='bbox 2514 3832 2580 3892; x_wconf 72' lang='lat'><strong><em>12</em></strong></span> 
     </span>
     <span class='ocr_line' id='line_1_36' title="bbox 258 3900 2492 3980; baseline 0.002 -23"><span class='ocrx_word' id='word_1_350' title='bbox 258 3900 456 3961; x_wconf 73' lang='lat' dir='ltr'>deumz</span> <span class='ocrx_word' id='word_1_351' title='bbox 513 3920 650 3962; x_wconf 79' lang='lat' dir='ltr'>cuin</span> <span class='ocrx_word' id='word_1_352' title='bbox 699 3908 848 3963; x_wconf 86' lang='lat' dir='ltr'>satis</span> <span class='ocrx_word' id='word_1_353' title='bbox 895 3907 1002 3966; x_wconf 89' lang='lat' dir='ltr'><strong><em>diu</em></strong></span> <span class='ocrx_word' id='word_1_354' title='bbox 1049 3915 1246 3980; x_wconf 84' lang='lat' dir='ltr'>nugat</span> <span class='ocrx_word' id='word_1_355' title='bbox 1314 3913 1534 3980; x_wconf 80' lang='lat' dir='ltr'>essent,</span> <span class='ocrx_word' id='word_1_356' title='bbox 1593 3907 1777 3964; x_wconf 89' lang='lat' dir='ltr'>aedes</span> <span class='ocrx_word' id='word_1_357' title='bbox 1824 3922 1950 3963; x_wconf 85' lang='lat' dir='ltr'>uon</span> <span class='ocrx_word' id='word_1_358' title='bbox 1994 3913 2126 3963; x_wconf 86' lang='lat' dir='ltr'>erat</span> <span class='ocrx_word' id='word_1_359' title='bbox 2163 3904 2492 3977; x_wconf 76' lang='lat' dir='ltr'>patefacta.</span> 
     </span>
     <span class='ocr_line' id='line_1_37' title="bbox 258 3969 2578 4052; baseline 0.003 -24"><span class='ocrx_word' id='word_1_360' title='bbox 258 3969 397 4030; x_wconf 85' lang='lat' dir='ltr'>Sero</span> <span class='ocrx_word' id='word_1_361' title='bbox 445 3978 688 4034; x_wconf 86' lang='lat' dir='ltr'>tandem</span> <span class='ocrx_word' id='word_1_362' title='bbox 740 3978 1031 4052; x_wconf 79' lang='lat' dir='ltr'>digressis</span> <span class='ocrx_word' id='word_1_363' title='bbox 1080 3981 1403 4037; x_wconf 75' lang='lat' dir='ltr'>haereticis</span> <span class='ocrx_word' id='word_1_364' title='bbox 1454 3985 1515 4037; x_wconf 89' lang='lat' dir='ltr'><strong><em>et</em></strong></span> <span class='ocrx_word' id='word_1_365' title='bbox 1566 3979 1937 4047; x_wconf 85' lang='lat' dir='ltr'>orthodoxis,</span> <span class='ocrx_word' id='word_1_366' title='bbox 1993 3991 2219 4049; x_wconf 79' lang='lat' dir='ltr'>magno</span> <span class='ocrx_word' id='word_1_367' title='bbox 2265 3975 2489 4035; x_wconf 87' lang='lat' dir='ltr'>Basilio</span> <span class='ocrx_word' id='word_1_368' title='bbox 2510 3977 2578 4035; x_wconf 77' lang='lat'><strong><em>18</em></strong></span> 
     </span>
     <span class='ocr_line' id='line_1_38' title="bbox 258 4043 2580 4124; baseline 0.003 -24"><span class='ocrx_word' id='word_1_369' title='bbox 258 4043 421 4117; x_wconf 87' lang='lat' dir='ltr'>duce,</span> <span class='ocrx_word' id='word_1_370' title='bbox 479 4064 691 4121; x_wconf 81' lang='lat' dir='ltr'>preces</span> <span class='ocrx_word' id='word_1_371' title='bbox 737 4053 1086 4124; x_wconf 87' lang='lat' dir='ltr'>auspicatis,</span> <span class='ocrx_word' id='word_1_372' title='bbox 1143 4053 1343 4108; x_wconf 83' lang='lat' dir='ltr'>statim</span> <span class='ocrx_word' id='word_1_373' title='bbox 1391 4053 1672 4108; x_wconf 87' lang='lat' dir='ltr'>claustris</span> <span class='ocrx_word' id='word_1_374' title='bbox 1721 4050 2030 4108; x_wconf 78' lang='lat' dir='ltr'>convulsis</span> <span class='ocrx_word' id='word_1_375' title='bbox 2081 4055 2141 4107; x_wconf 88' lang='lat' dir='ltr'><strong><em>et</em></strong></span> <span class='ocrx_word' id='word_1_376' title='bbox 2179 4049 2492 4122; x_wconf 78' lang='lat' dir='ltr'>repagulis</span> <span class='ocrx_word' id='word_1_377' title='bbox 2512 4049 2580 4108; x_wconf 87' lang='grc'><strong><em>14</em></strong></span> 
     </span>
     <span class='ocr_line' id='line_1_39' title="bbox 258 4121 2138 4195; baseline 0.003 -23"><span class='ocrx_word' id='word_1_378' title='bbox 258 4124 462 4186; x_wconf 86' lang='lat' dir='ltr'>portae</span> <span class='ocrx_word' id='word_1_379' title='bbox 499 4136 564 4178; x_wconf 89' lang='lat' dir='ltr'><strong><em>se</em></strong></span> <span class='ocrx_word' id='word_1_380' title='bbox 602 4130 979 4194; x_wconf 86' lang='lat' dir='ltr'>aperuerunt</span> <span class='ocrx_word' id='word_1_381' title='bbox 1016 4131 1078 4181; x_wconf 91' lang='lat' dir='ltr'><strong><em>et</em></strong></span> <span class='ocrx_word' id='word_1_382' title='bbox 1114 4123 1396 4180; x_wconf 86' lang='lat' dir='ltr'>fidelibus</span> <span class='ocrx_word' id='word_1_383' title='bbox 1433 4124 1664 4179; x_wconf 84' lang='lat' dir='ltr'>aditum</span> <span class='ocrx_word' id='word_1_384' title='bbox 1704 4121 2138 4195; x_wconf 86' lang='lat' dir='ltr'>praebuerunt.</span> 
     </span>
    </p>

    <p class='ocr_par' dir='ltr' id='par_1_12' title="bbox 257 4191 2580 4414">
     <span class='ocr_line' id='line_1_40' title="bbox 424 4191 2580 4270; baseline 0.001 -22"><span class='ocrx_word' id='word_1_385' title='bbox 424 4191 482 4247; x_wconf 88' lang='lat' dir='ltr'>Is</span> <span class='ocrx_word' id='word_1_386' title='bbox 537 4210 645 4250; x_wconf 85' lang='lat' dir='ltr'>rex</span> <span class='ocrx_word' id='word_1_387' title='bbox 748 4196 967 4267; x_wconf 76' lang='lat' dir='ltr'>aganis</span> <span class='ocrx_word' id='word_1_388' title='bbox 1029 4195 1412 4252; x_wconf 75' lang='lat' dir='ltr'>sacrificandi</span> <span class='ocrx_word' id='word_1_389' title='bbox 1471 4200 1830 4270; x_wconf 85' lang='lat' dir='ltr'>potestatem</span> <span class='ocrx_word' id='word_1_390' title='bbox 1890 4193 2077 4250; x_wconf 87' lang='lat' dir='ltr'>dabat</span> <span class='ocrx_word' id='word_1_391' title='bbox 2137 4197 2197 4251; x_wconf 86' lang='lat' dir='ltr'><strong><em>et</em></strong></span> <span class='ocrx_word' id='word_1_392' title='bbox 2247 4191 2493 4249; x_wconf 80' lang='lat' dir='ltr'>Iudaeis</span> <span class='ocrx_word' id='word_1_393' title='bbox 2513 4191 2580 4252; x_wconf 70' lang='lat'><strong><em>1⁶</em></strong></span> 
     </span>
     <span class='ocr_line' id='line_1_41' title="bbox 257 4211 2580 4338; baseline 0.003 -24"><span class='ocrx_word' id='word_1_394' title='bbox 257 4261 548 4321; x_wconf 81' lang='lat' dir='ltr'>studebat.</span> <span class='ocrx_word' id='word_1_395' title='bbox 622 4211 778 4323; x_wconf 59' lang='lat' dir='ltr'>Solis</span> <span class='ocrx_word' id='word_1_396' title='bbox 826 4267 1182 4326; x_wconf 83' lang='lat' dir='ltr'>orthodoxis</span> <span class='ocrx_word' id='word_1_397' title='bbox 1236 4268 1701 4326; x_wconf 81' lang='lat' dir='ltr'>adversabatur.</span> <span class='ocrx_word' id='word_1_398' title='bbox 1775 4266 1924 4326; x_wconf 86' lang='lat' dir='ltr'>Cum</span> <span class='ocrx_word' id='word_1_399' title='bbox 1975 4271 2181 4323; x_wconf 87' lang='lat' dir='ltr'>autem</span> <span class='ocrx_word' id='word_1_400' title='bbox 2229 4263 2494 4338; x_wconf 77' lang='lat' dir='ltr'>Scythae</span> <span class='ocrx_word' id='word_1_401' title='bbox 2515 4264 2580 4322; x_wconf 76' lang='lat'><strong><em>16</em></strong></span> 
     </span>
     <span class='ocr_line' id='line_1_42' title="bbox 258 4334 2578 4414; baseline 0.005 -28"><span class='ocrx_word' id='word_1_402' title='bbox 258 4334 595 4404; x_wconf 78' lang='lat' dir='ltr'>provincias</span> <span class='ocrx_word' id='word_1_403' title='bbox 632 4336 956 4397; x_wconf 83' lang='lat' dir='ltr'>Thraciam</span> <span class='ocrx_word' id='word_1_404' title='bbox 994 4346 1055 4399; x_wconf 88' lang='lat' dir='ltr'><strong><em>et</em></strong></span> <span class='ocrx_word' id='word_1_405' title='bbox 1093 4339 1512 4399; x_wconf 85' lang='lat' dir='ltr'>Macedoniam</span> <span class='ocrx_word' id='word_1_406' title='bbox 1556 4341 1955 4411; x_wconf 82' lang='lat' dir='ltr'>incursarent,</span> <span class='ocrx_word' id='word_1_407' title='bbox 2011 4352 2273 4414; x_wconf 75' lang='lat' dir='ltr'>magnus</span> <span class='ocrx_word' id='word_1_408' title='bbox 2319 4342 2496 4411; x_wconf 82' lang='lat' dir='ltr'>pater</span> <span class='ocrx_word' id='word_1_409' title='bbox 2512 4335 2578 4398; x_wconf 71' lang='lat'><strong><em>1⁵1</em></strong></span> 
     </span>
    </p>
   </div>
  </div>
 </body>
</html>
