2870 4966
137 330 630 399 rnsonosws
666 334 725 395 11
763 317 1137 397 noem-vit.
1211 309 1664 398 MARc1A¹st
1699 324 2173 397 memnon„
2254 312 2386 396 'iis

29 530 122 592 245
307 521 391 589 Ὀ
431 522 551 609 μὲν
595 520 712 588 οὖν
743 520 1087 596 Θεοδόσιος
1124 522 1426 609 τέθνηκε·
1473 519 1835 608 Πουλχερία
1879 518 1949 589 δὲ
1987 520 2190 609 μήπω
2229 519 2384 588 πολ·
2404 520 2498 592 24

143 629 272 700 λοῒς
317 626 711 713 γνωσθείσης
753 631 864 713 τῆς
906 631 1019 692 τοῦ
1062 624 1534 710 αὐτοκράτορος
1561 625 1840 713 τελευτῆς
1868 624 1977 692 τὸν
2005 623 2388 710 Μαρκιανὸν
2521 660 2526 665 ·

143 731 603 820 μετεπέμψατο,
668 730 870 815 ἄνόρα
928 728 1192 816 γηραιὸν
1245 728 1393 815 ἤόη,
1458 727 1731 816 χρηστὸν
1784 728 1855 794 ἀὲ
1908 727 2055 801 τοὺς
2113 728 2389 814 τρόπους

145 835 250 904 καὶ
295 835 627 919 σώφρονα,
674 833 781 899 καὶ
827 833 1192 918 ἀπαγγέλλει
1238 833 1415 918 αὐτῷ
1459 837 1572 898 τοῦ
1615 832 1924 918 βασιλέως
1967 831 2076 898 τὸν
2111 832 2390 898 θάνατον

97 948 129 1006 5
146 938 256 1007 καί
295 961 487 1023 φησιν
532 937 627 1009 ὡς
670 936 786 1002 “os
830 936 1005 1020 παρὰ
1049 935 1288 1008 πάντας
1332 937 1418 1009 εἰς
1457 936 1714 1022 βασιλέα
1742 936 2154 1020 προκέκρικα,
2193 936 2265 1001 ἐἴ
2278 957 2390 1021 μοι
2407 943 2445 1003 2

149 1041 321 1128 ὄῴης
364 1040 807 1126 πληροφορίαν
850 1038 1121 1126 τηρῆσαί
1157 1063 1287 1125 μου
1332 1038 1446 1125 τὴν
1498 1039 1848 1124 παρθενίαν
1904 1039 2249 1125 ἀνέπαφον,
2312 1038 2466 1126 ἢνῘ)

147 1153 236 1231 τῷ
264 1145 406 1229 θεῷ’
430 1143 869 1209 ἀνατέθεικα.”
911 1148 1023 1208 τοῦ
1057 1142 1127 1208 ἀὲ
1158 1142 1550 1227 συνθεμένου
1579 1142 2008 1227 μετακαλεῖται
2037 1140 2146 1229 τὸν
2172 1164 2389 1228 πατρι-
2408 1151 2446 1210 8

147 1250 347 1334 άρχην
400 1246 509 1313 καὶ
565 1247 679 1333 τὴν
733 1246 973 1333 βουλὴν
1018 1246 1125 1312 καὶ
1171 1245 1538 1330 ἀναγορεύει
1581 1250 1803 1312 τοῦτον
1846 1245 1953 1312 καὶ
1996 1246 2219 1311 ταινιοῒ
2252 1233 2390 1310 ’όια-

148 1353 387 1437 ὁήματι.
2102 1348 2110 1358 ’
2376 1364 2377 1367 ’

72 1464 132 1521 10
310 1452 435 1519 Ἦν
481 1452 551 1518 ἀὲ
597 1452 635 1519 ό
683 1449 1063 1538 Μαρκιανὸς
1108 1452 1251 1518 οὔτε
1295 1455 1424 1518 τῶν
1471 1451 1799 1536 ἐπιφανῶν
1833 1451 2062 1538 πρῴην
2092 1451 2235 1517 οὔτε
2262 1453 2393 1517 τῶν
2409 1461 2464 1520 4.

150 1559 217 1624 ἔκ
265 1557 486 1642 γένους
530 1557 851 1642 λαμπροῦ,
911 1553 1066 1621 ἀλλὰ
1113 1555 1493 1641 στρατιώτης
1538 1555 1784 1629 ἁπλῶς·
1842 1555 1916 1627 ὅς
1959 1578 2110 1621 ποτε
2154 1555 2241 1629 είς
2286 1554 2389 1620 ἐκ·
2410 1563 2448 1622 ὅ
2493 1543 2497 1547 ’
2557 1544 2563 1551 ’

152 1661 468 1747 στρατείαν
532 1660 647 1726 σὺν
710 1667 804 1744 τῷ
867 1658 1081 1743 οἰκείῳ
1145 1658 1406 1744 τάγματι
1471 1657 1677 1724 ἀπιὼν
1740 1657 1900 1724 κατὰ
1962 1657 2076 1744 τὴν
2131 1644 2393 1724 Λυκίων

153 1765 454 1850 ἐπαρχία-ν
500 1762 759 1850 ἐνόσησε
806 1763 913 1828 καὶ
955 1767 1085 1827 τῶν
1120 1763 1459 1848 ὁμοταγῶν
1490 1760 1857 1848 ἀπελείφθη.
1950 1761 2248 1838 ξενισθεὶς
2278 1759 2393 1827 οὖν
2412 1773 2449 1830 6

154 1870 283 1934 ἐκεῖ
327 1867 504 1952 παρά
557 1889 671 1932 τισι
728 1866 904 1932 δυσὶν
960 1865 1275 1952 ἀὸελφοῒς,
1340 1862 1438 1932 ὧν
1481 1873 1574 1951 τῷ
1617 1866 1735 1951 μὲν
1781 1866 1819 1953 ἡ
1852 1866 2086 1963 κκλῆσις·
2116 1864 2392 1952 Ἰούλιος,

78 1981 135 2038 15
151 1981 242 2058 τῷ
289 1972 347 2039 ὁ’
396 1973 594 2057 ἑτέρῳ
630 1970 947 2054 Τατιανός,
994 1970 1102 2036 καὶ
1145 1976 1256 2056 τῆς
1300 1970 1494 2036 νόσου
1541 1968 1781 2055 ῥαΐσας,
1829 1969 2171 2056 θηρεύσων
2215 1971 2393 2045 ἔξεισι

153 2077 262 2143 σὺν
322 2082 451 2148 τοῖς
515 2078 830 2151 ξενισταῖς.
923 2074 990 2139 ἐν
1048 2073 1117 2139 δὲ
1172 2081 1264 2159 τῷ
1320 2073 1617 2160 θηρεύειν
1673 2073 1992 2160 γεγονότες
2044 2074 2393 2140 κατάκοποι
2412 2084 2449 2144 7
2523 2077 2530 2083 ’

153 2179 305 2247 κατὰ
341 2187 456 2266 γῆς
486 2178 927 2265 ἀνεκλίθησαν,
963 2176 1225 2250 ἑαυτοὺς
1254 2177 1753 2263 ἀναπαύσοντες,
1770 2178 1891 2254 ,καὶ
1921 2178 2223 2244 ὕπνωσαν
2250 2176 2394 2264 περὶ

152 2283 559 2371 μεσημβρίαν.
649 2281 759 2348 τὸν
803 2282 1004 2347 ὕπνον
1050 2281 1120 2347 ἀὲ
1163 2280 1293 2366 πρὸ
1337 2286 1466 2348 τῶν
1511 2281 1721 2348 ἄλλων
1752 2281 1790 2349 ὁ
1834 2279 2134 2354 Ἰατιανὸς
2179 2281 2391 2347 ἀποτι-
2413 2292 2451 2351 8
2489 2290 2759 2358 P1146
2774 2296 2850 2361 ,Α

157 2444 384 2511 Quibus
423 2443 695 2502 fontibus
722 2442 990 2500 zonaras
1028 2441 1172 2500 indo
1209 2441 1528 2502 a.x11124
1564 2456 1761 2516 usquo
1797 2440 1878 2499 ad
1903 2422 2102 2500 xv'1e
2125 2421 2391 2512 usus'sit,

60 2551 64 2556 -
157 2517 385 2575 Paulus
423 2513 755 2573 Sauerbrei
801 2515 1227 2573 dissertatione
1278 2515 1648 2587 inaugurali,
1703 2529 1864 2587 quac
1913 2514 2266 2572 inscribitur
2302 2514 2396 2571 Dc

155 2587 427 2663 fontibus
466 2589 753 2646 Zonaras
793 2589 1023 2661 quaest.
1062 2589 1165 2645 sel.
1205 2584 1378 2660 Lips.
1416 2589 1580 2659 1881,
1619 2587 1824 2645 studet
1862 2586 2186 2660 explicare.

160 2680 187 2736 1
222 2679 455 2753 βασιλεία
492 2680 814 2750 Magnam-oo
849 2676 1060 2736 AODE
1314 2677 1378 2734 11
1416 2677 1538 2750 περὶ
1576 2679 1815 2752 σημείων
1847 2677 2268 2751 προμηνυόντων
2300 2674 2396 2750 τὴν

159 2750 289 2822 (om.
328 2752 396 2821 E)
432 2751 702 2826 βασιλείαν
737 2759 813 2824 τῷ
850 2751 1157 2823 Μαρκιανῷ
1196 2748 1350 2810 ΑΟΕ

208 2928 210 2930 ’
257 2912 292 2970 4
329 2913 622 2987 ἐπαγγέλλει
651 2911 783 2989 w*p
812 2913 1017 2971 invit-is
1042 2911 1150 2971 AR
1294 2912 1329 2972 5
1390 2912 1620 2972 ασιλείαν
1645 2910 1700 2970 D
1842 2912 2213 2985 προυκέκρικα
2239 2909 2395 2986 pr

258 2987 293 3043 6
317 2988 465 3059 δοίης
486 2986 634 3060 pr
777 3007 868 3059 μοι
889 2985 945 3043 1)
1089 2987 1125 3043 8
1148 2985 1221 3050 είς
1241 2984 1336 3060 τὴν
1402 3025 1429 3058 ¹,
1455 2984 1547 3043 καὶ
1567 2984 1660 3060 τὴν
1687 2987 1838 3043 cori*-
1861 2984 1965 3048 Dw
2112 2985 2182 3042 10
2204 3005 2243 3042 π
2278 2983 2396 3057 ώην

257 3057 533 3132 ἐπιφανῶν
554 3058 701 3132 pr
838 3059 901 3116 11
941 3058 1202 3131 λαμπρῶν
1226 3057 1379 3131 pr
1519 3057 1582 3114 12
1617 3055 1791 3115 ἀπιὼν
1830 3056 2011 3116 om.B
2141 3057 2208 3115 13
2267 3076 2338 3114 πα
2377 3082 2397 3098 ·

260 3131 379 3202 xlm·
417 3135 692 3189 extremo
732 3146 891 3189 vers.
930 3146 1044 3188 om.
1086 3130 1133 3188 1⁴2
1312 3129 1648 3187 ἀπολέλειπτο
1684 3129 1832 3204 pr
2016 3128 2084 3186 14
2120 3129 2154 3203 ἠ
2195 3144 2309 3187 om.
2377 3159 2397 3187 a

261 3203 326 3259 15
365 3203 560 3266 τατινός
599 3203 652 3260 D
692 3204 837 3274 (nou
880 3204 968 3272 18)
1112 3203 1367 3276 θηρεύων
1405 3201 1453 3259 Ε
1602 3203 1667 3261 17
1703 3201 1847 3275 παρὰ
1885 3200 1933 3260 Ε

30 3431 33 3433 ,
326 3365 413 3425 24.
489 3366 835 3426 Theodosio
874 3371 1113 3425 mortuo
1152 3365 1260 3426 sed
1296 3364 1569 3425 nondum
1605 3364 1810 3424 miritis
1848 3381 1920 3424 co
2011 3366 2095 3425 ito
2139 3364 2220 3423 im
2265 3378 2398 3423 era·

158 3438 297 3496 toris
336 3441 507 3498 obitu
544 3440 866 3498 Pulcher-la
893 3439 1279 3498 MAumANvM
1317 3438 1650 3510 arcessivit,
1689 3454 1896 3496 senem
1957 3454 2054 3495 am
2092 3437 2202 3497 sed
2282 3451 2398 3495 ene
2462 3490 2473 3503 ,

158 3520 448 3586 moratum
471 3520 531 3571 et
550 3513 907 3585 modestum,
935 3519 996 3571 et
1020 3514 1301 3574 nuntiata
1329 3513 1493 3585 rogis
1515 3519 1707 3569 morte
1725 3511 1860 3569 “Te
1884 3517 2123 3585 praeter
2144 3507 2401 3569 oinues⁰⁰
2416 3514 2454 3574 2

159 3584 346 3656 inquit
380 3587 637 3660 “regem
664 3587 841 3658 elegi,
880 3588 929 3642 si
957 3586 1100 3642 milii
1128 3585 1367 3643 dederis
1405 3585 1584 3642 iidem
1623 3589 1684 3642 te
1723 3588 2227 3643 conservaturum
2265 3596 2398 3640 esse

161 3656 438 3716 intactam
495 3660 911 3731 virginitatem
958 3674 1172 3729 meam,
1233 3675 1417 3731 quam
1468 3657 1582 3715 deo
1622 3655 2034 3715 consecravi.”
2103 3656 2221 3722 Qui
2258 3660 2454 3719 cuma

163 3734 565 3802 concessisset,
623 3733 927 3788 arcessitis
965 3732 1311 3803 patriarcha
1350 3737 1410 3790 et
1448 3734 1667 3791 senatu
1705 3746 1843 3789 eum
1882 3729 2107 3787 salutat
2142 3730 2399 3802 impera·

163 3805 346 3859 torem
387 3814 447 3861 et
486 3811 665 3862 ornat
701 3805 1065 3861 diademate.
2164 3861 2167 3864 ,

38 3879 42 3883 ’
304 3875 550 3949 ‘Neque
594 3893 743 3935 vero
793 3878 1089 3948 originem
1136 3876 1483 3935 Marcianus
1533 3891 1612 3933 ex
1665 3875 1739 3932 iis
1791 3875 1994 3946 traxit,
2050 3873 2155 3945 qui
2211 3872 2456 3937 rebus4

163 3948 341 4016 gestis
380 3956 521 4006 ante
560 3965 624 4007 se
670 3951 1111 4022 praestitissent
1158 3955 1267 4006 aut
1313 3951 1427 4005 orti
1476 3952 1677 4006 essent
1721 3962 1950 4020 genere
1998 3944 2233 4016 illustri,
2288 3943 2397 4002 sed

165 4023 288 4074 crat
332 4025 657 4093 gregarius
705 4024 903 4093 miles3
960 4023 1063 4095 qui
1109 4039 1246 4078 cum
1285 4020 1614 4093 aliquando
1654 4020 1733 4077 ad
1771 4017 2222 4090 expeditionem
2260 4023 2456 4082 cumo

164 4104 269 4145 sua
304 4091 546 4165 legione
582 4097 893 4167 profectus
931 4108 991 4152 et
1029 4096 1089 4150 in
1121 4093 1313 4166 Lycia
1352 4094 1671 4165 provincia
1712 4097 2045 4162 aegrotans
2083 4105 2121 4145 a
2161 4090 2399 4147 commi-
2499 4129 2521 4138 -.

165 4161 443 4221 litonibus
480 4168 726 4223 relictus
765 4167 1026 4238 hospitio
1066 4174 1363 4239 exceptus
1402 4170 1560 4238 esset
1596 4164 1762 4236 apud
1795 4162 1949 4219 duos
1976 4164 2213 4234 fratres,
2252 4168 2455 4233 quo-6

164 4248 291 4291 rum
328 4237 502 4294 alteri
542 4255 763 4296 nomen
802 4246 935 4295 erat
972 4239 1144 4310 Iulio,
1182 4240 1357 4313 alteri
1393 4238 1670 4309 Tatiano,
1716 4252 1796 4294 ex
1832 4237 2047 4293 morbo
2086 4240 2399 4292 recreatus

166 4316 448 4366 venatum
494 4313 621 4368 exit
668 4328 806 4368 cum
851 4312 1208 4384 hospitibus.
1280 4310 1351 4368 In
1403 4312 1731 4368 venatione
1782 4313 1987 4365 autem
2036 4308 2181 4366 fessi
2231 4307 2456 4375 hum17

168 4383 620 4452 procubuerunt
665 4400 731 4444 se
777 4385 1065 4443 refecturi
1110 4389 1170 4443 et
1209 4385 1710 4443 obdormiverunt
1748 4383 1910 4441 circa
1947 4380 2275 4440 meridiem.
2348 4378 2459 4451 ΕΒ

269 4487 502 4540 Zonaras
530 4491 757 4549 Epitomo
786 4490 877 4540 111.
2043 4475 2080 4536 8
