2870 4966
1286 279 1616 344 Praefatio.
2414 277 2566 340 xm
2620 271 2624 282 ’

172 545 194 560 ,
324 442 568 549 lacuna,
616 485 783 554 quae
827 466 895 535 in
940 462 1193 535 duobus
1238 465 1700 535 recentioribus
1744 463 1927 534 nuris
1972 462 2093 533 DE
2138 462 2334 533 xv11
2377 463 2443 552 2,
2467 463 2556 532 32

326 584 389 667 (δ
434 575 621 666 γνοὺς
665 576 704 643 ὀ
741 575 1045 663 Ἰωάννης
1093 623 1110 643 .
1138 622 1155 644 .
1184 622 1201 644 .
1248 573 1435 663 ἀπῄει
1478 573 1644 660 πρὸς
1672 572 1754 642 τὸ
1786 572 2175 662 ὀχύρωμα,
2220 572 2566 641 κάντεῦθεν

325 691 453 759 ἐκεῖ
474 683 778 752 συνέθεον
807 685 1095 757 ἅπαντες·
1141 682 1250 751 καὶ
1279 683 1417 770 ἥλω
1449 682 1766 751 κάκείνων
1797 682 2049 771 οπουόῇ
2080 681 2161 749 τὸ
2194 681 2564 770 ὀχύρωμα

332 846 389 867 ..
414 796 457 878 .)
488 790 641 861 inde
674 798 816 861 orta
848 796 1008 879 erat,
1042 790 1232 878 quod
1265 791 1481 861 scriba
1514 789 1757 859 eodIeis
1795 789 2158 880 archetypi,
2207 810 2348 859 eum
2397 788 2568 858 oculi

328 928 367 977 a
410 900 621 993 priore
671 900 988 990 ὀχύρωμα
1038 900 1449 969 aberrassent
1503 898 1589 967 ad
1635 900 1976 987 insequens
2021 897 2181 967 illud
2228 898 2566 987 ὀχύρωμα,

331 1012 624 1084 omiserat
667 1010 1013 1077 κάντεῦθεν
1057 1046 1146 1059 -
1192 1010 1528 1098 ὀχύρωμα,
1599 1007 1970 1078 coniectura
1996 1011 2020 1052 ¹
2068 1006 2190 1079 viri
2238 1005 2568 1077 cuiusdam

335 1120 494 1192 (loeti
529 1119 596 1187 in
630 1118 811 1187 libris
842 1116 952 1188 BC
983 1117 1283 1208 suppleta
1314 1125 1414 1186 cst
1448 1117 1579 1187 his:
1634 1118 1742 1185 καὶ
1789 1119 1960 1185 οὕτω
2006 1118 2380 1193 καταιόέσας
2421 1117 2569 1192 τοὺς

336 1229 703 1317 στρατιώτας
733 1229 913 1315 ἔσχεν
943 1228 1296 1315 ἑπομένους
1342 1229 1521 1314 αύτῷ
1564 1227 1673 1294 καὶ
1717 1228 1855 1315 ἥλω
1900 1225 1972 1294 τὸ
2017 1227 2348 1314 φρούριον.
2440 1226 2501 1297 Ν
2506 1246 2569 1294 e-

331 1358 445 1426 que
474 1356 632 1405 vero
664 1334 789 1403 bac
820 1335 960 1404 sola
991 1337 1240 1404 ratione
1272 1333 1554 1403 editores
1586 1335 1949 1423 Byzantini,
1993 1342 2064 1402 ut
2097 1333 2220 1402 hoc
2252 1334 2568 1403 vocabulo
2666 1392 2675 1402 .

327 1453 484 1532 utar,
517 1445 810 1511 Zonarac
834 1443 1035 1512 verba
1061 1441 1442 1531 depravare,
1491 1448 1904 1528 commutare,
1937 1441 2236 1530 supplere
2253 1443 2280 1484 ²
2311 1448 2568 1511 couten-

329 1552 580 1638 (lebant,
627 1550 745 1619 scd
792 1551 1048 1620 omniuo
1081 1549 1382 1621 videntur
1415 1550 1694 1637 quodam
1727 1549 1940 1619 studio
1972 1551 2207 1619 arsisse
2238 1548 2568 1639 scriptoris

329 1680 521 1749 genus
590 1657 850 1728 dicendi
910 1679 1067 1728 saue
1131 1657 1378 1728 varium
1446 1658 1531 1729 ad
1579 1658 1867 1744 meliora,
1932 1676 2099 1746 quae
2158 1657 2567 1748 putabantur,

331 1768 616 1858 exempla
662 1766 944 1856 tingendi
974 1769 1020 1837 ³.
1114 1766 1454 1853 Quocirca,
1504 1765 1627 1838 etsi
1674 1768 1737 1835 iu
1787 1764 2125 1857 propatulo
2173 1773 2275 1837 ost
2310 1786 2569 1837 coneur-

329 1898 456 1949 sum
490 1877 837 1947 earuudem
872 1876 1125 1946 articuli
1159 1876 1500 1947 formarum
1551 1897 1677 1945 non
1726 1876 1994 1946 vitatum
2045 1895 2186 1946 esso
2232 1896 2273 1945 a
2316 1875 2568 1946 Zonara

332 1989 410 2074 (v.
457 1985 538 2055 ad
589 1986 747 2055 XIV
801 1987 1016 2074 17,9),
1066 1992 1280 2055 tamcu
1328 1984 1613 2055 ciusdem
1663 1985 1882 2071 (XVII
1929 1986 2129 2073 1243)
2186 1985 2258 2055 τὸ
2303 1984 2418 2063 οὖς
2462 1986 2566 2055 ἕκ-

327 2102 519 2183 τεμεῒν
563 2101 675 2162 τοῦ
722 2097 918 2164 ἵππου
962 2101 1092 2164 τοῦ
1137 2101 1272 2184 τοῦ
1312 2095 1521 2163 Φωκᾶ
1550 2097 1617 2163 in
1649 2094 2013 2182 quindecinu
2047 2094 2226 2165 libris
2262 2095 2570 2165 recentio-

330 2204 495 2272 ribus
526 2224 607 2272 ex
640 2202 891 2290 eodem,
940 2211 1118 2293 puto,
1165 2203 1475 2273 derivatis
1507 2204 1688 2273 fonte
1727 2210 2119 2273 commutata
2156 2223 2299 2272 esse
2344 2205 2410 2273 In
2455 2211 2568 2272 τοῦ

329 2317 513 2381 ἵππου
558 2319 671 2380 τοῦ
726 2314 937 2384 Φωκᾶ
992 2311 1063 2380 τὸ
1121 2312 1236 2388 οὖς
1294 2314 1593 2400 ἐκτεμεῖν
1617 2335 1660 2381 a
1703 2313 1888 2382 nobis
1937 2311 2003 2380 in
2049 2311 2274 2382 diariis
2321 2313 2568 2403 Byzan·

336 2421 471 2490 tiuis
516 2441 573 2490 a.
641 2419 812 2490 1892
869 2424 954 2508 (I)
1012 2444 1077 2511 p.
1125 2423 1253 2491 227
1303 2423 1413 2492 lin.
1478 2423 1600 2491 107
1653 2423 2012 2511 expositum
2059 2428 2178 2491 est.
2273 2421 2567 2493 Ceterum

335 2532 488 2598 sieut
531 2530 755 2617 negari
804 2553 931 2599 non
980 2538 1193 2620 potest
1239 2533 1439 2600 verba
1486 2533 1761 2620 repetita
1808 2531 2081 2620 Polybio
2128 2531 2385 2619 quidem
2439 2553 2567 2602 non

282 2687 287 2695 -
331 2639 517 2708 fuisse
561 2641 898 2709 offensioni
947 2644 1036 2725 (v.
1086 2639 1409 2709 Hultscbii
1457 2640 1612 2709 edit.
1660 2641 1889 2730 Polyb.
1938 2648 1982 2709 t.
2032 2642 2064 2707 I
2113 2662 2175 2731 p.
2208 2641 2367 2710 XLI
2397 2662 2448 2711 s.
2498 2648 2563 2712 et

330 2755 574 2817 nostrae
622 2756 667 2818 t.
718 2751 783 2817 ΙΙ
832 2772 895 2838 p.
943 2750 1199 2818 LXVII
1245 2771 1392 2819 anu.
1451 2753 1533 2836 1),
1592 2750 1684 2818 ita
1740 2770 1855 2840 per
1909 2770 1979 2820 so
2026 2756 2210 2839 patet
2258 2750 2427 2820 hane
2471 2749 2567 2820 di-

330 2857 507 2925 cendi
554 2859 690 2926 sive
738 2859 1199 2947 negligentiam
1258 2860 1396 2928 sive
1454 2859 1854 2964 Ieiunitatcm
1912 2860 2331 2928 libentissime
2376 2854 2567 2951 posse

329 2966 587 3034 concedi
623 2967 935 3036 zonarae.
1029 2966 1161 3036 Sed
1202 2988 1346 3035 cum
1389 2987 1648 3055 prorsus
1694 2968 1881 3036 aliter
1928 2967 2052 3037 hac
2098 2967 2181 3037 do
2228 2969 2565 3037 verborum

305 3073 699 3159 repetitione
757 3075 1070 3142 sentirent
1129 3074 1376 3143 iudices
1434 3075 1644 3144 critici
1692 3075 2034 3163 llyzautini
2092 3073 2216 3145 rati
2265 3074 2424 3143 talia
2481 3074 2566 3143 ab

328 3197 437 3248 usu
482 3180 812 3271 scriptoris
858 3181 1176 3270 elegantis
1223 3181 1588 3269 abliorrere,
1637 3202 1764 3252 non
1813 3180 2196 3254 dubitabant
2242 3182 2564 3273 plerisque

329 3282 480 3356 locis
537 3288 711 3359 istud
769 3288 940 3378 quod
1002 3290 1319 3381 putabant
1376 3288 1604 3361 vitium
1661 3290 2006 3381 expellere.
2098 3289 2327 3379 Itaque
2373 3289 2568 3362 XVII

498 3481 520 3525 ¹
557 3487 857 3554 QuocIrea
911 3485 1078 3545 haud
1127 3487 1213 3544 ita
1265 3486 1566 3546 carebunt
1615 3486 2158 3546 verisimilitudinis
2212 3487 2420 3560 speeie
2473 3502 2564 3557 ea,

340 3586 479 3644 quae
516 3592 628 3634 nos
675 3579 738 3635 in
780 3577 988 3635 diariis
1026 3577 1382 3652 Byzantinis
1420 3594 1476 3636 a.
1517 3578 1658 3636 1892
1694 3578 1768 3650 (Ι)
1810 3595 1865 3652 p.
1904 3579 2011 3638 597
2049 3578 2127 3636 de
2162 3577 2385 3635 lacuna
2422 3593 2568 3652 qua·

339 3661 457 3721 dam
495 3668 556 3725 in
595 3666 729 3726 cod.
766 3667 1093 3727 Mutinensi
1131 3668 1189 3725 11
1224 3668 1271 3725 F
1311 3669 1381 3726 12
1417 3668 1702 3742 suppleta
1739 3668 2030 3742 suspicati
2067 3683 2293 3739 sumus,
2332 3683 2454 3741 qua
2489 3667 2567 3726 de
2647 3696 2652 3701 ·

332 3757 671 3815 coniectura
708 3775 832 3816 non
871 3765 1037 3816 recto
1075 3760 1380 3817 iudicasse
1419 3761 1666 3818 videtur
1703 3759 2157 3818 BoissevaInius
2200 3759 2371 3832 (Byz.
2411 3756 2567 3816 Zeit-

327 3844 474 3904 θοὴν.
512 3865 564 3905 a.
608 3851 746 3908 1895
781 3851 907 3922 (IV)
946 3867 1002 3924 p.
1023 3850 1131 3908 263
1169 3840 1310 3908 ann.
1328 3852 1402 3920 2).
1469 3850 1800 3909 Praeterea
1837 3866 1893 3907 ν.
1933 3850 2014 3907 ad
2050 3848 2160 3908 XV
2195 3849 2282 3921 24,
2304 3850 2374 3907 18
2410 3855 2564 3907 extr.

494 3936 520 3977 ²
556 3939 623 3997 V.
662 3940 743 3997 ad
781 3941 920 3999 XIV
960 3943 1045 4013 10,
1065 3943 1152 3999 33.
1210 3941 1321 4001 XV
1360 3942 1446 4014 19,
1471 3942 1517 4000 1.
1555 3940 1643 4013 29,
1668 3942 1750 3998 19.
1808 3941 1947 4000 XVI
1983 3942 2035 4013 4,
2054 3941 2141 3999 29.
2184 3941 2340 4012 15,7.
2395 3939 2565 3998 XVII

325 4022 370 4095 9,
390 4024 477 4082 34.
514 4027 708 4096 28,21.
745 4032 948 4091 XVIII
986 4033 1110 4105 ⁷2⁵·
1148 4034 1200 4105 8,
1223 4033 1309 4090 13.
1351 4033 1437 4090 14.

494 4114 521 4156 ⁸
557 4118 870 4185 Quomodo
909 4126 970 4181 hi
1010 4125 1126 4182 viri
1178 4124 1340 4181 docti
1388 4124 1723 4198 pleonasml
1771 4123 2049 4197 figuram,
2106 4138 2230 4197 qua
2268 4121 2563 4181 Zonaram

330 4212 559 4266 constat
595 4211 811 4271 eadem
849 4213 1090 4274 ratlouo
1128 4231 1262 4274 esse
1299 4230 1480 4273 usum
1520 4222 1707 4289 atque
1733 4214 2054 4289 Polybium
2092 4213 2172 4287 (v.
2192 4213 2564 4272 Kaclkcrum

330 4304 550 4367 quaest.
579 4300 657 4359 de
682 4302 828 4363 eloe.
854 4307 1069 4382 Polyb.
1106 4306 1271 4381 Lips.
1299 4308 1443 4366 1880
1478 4324 1535 4383 p.
1555 4307 1704 4380 272),
1741 4306 2113 4379 sustulerint,
2152 4322 2263 4365 nos
2290 4305 2369 4364 ad
2393 4303 2564 4365 XVII

270 4416 281 4433 ·
327 4384 405 4459 26,
424 4390 489 4448 21
532 4392 866 4455 docuimus.
2517 4398 2518 4401 ’
