2870 4966
484 309 687 370 XVIII
1440 308 1770 370 Praefatio.

486 496 609 565 hoc
656 494 978 566 volumine
1025 494 1453 581 continentur,
1500 491 1741 562 fontes
1788 493 1983 564 hodie
2028 515 2156 563 non
2195 500 2473 584 exstant,
2520 501 2738 567 tamen

486 627 610 675 non
656 602 850 674 modo
896 605 1225 673 ⁴maximae
1271 606 1477 693 partis
1523 606 1845 693 epitomae
1894 605 2226 675 Zonareae
2272 614 2570 677 auctores
2630 627 2734 675 no-

485 720 633 789 stris
678 718 744 785 in
791 716 1084 785 manibus
1129 722 1297 802 sunt,
1364 713 1483 799 sed
1543 716 1740 787 etiam
1795 723 2136 806 supersunt
2184 718 2430 804 aliquot
2473 723 2739 811 scripto-

483 851 586 898 res
635 829 997 919 Byzantini,
1066 830 1174 917 qui
1230 830 1547 898 Zonaram
1608 830 1729 898 sibi
1796 831 2112 917 elegerint
2171 833 2664 903 exscribendum
2691 839 2734 905 ¹.

481 941 710 1025 Neque
759 940 977 1007 tamc‘n
1023 960 1061 1007 0
1107 938 1393 1006 fontibus
1424 938 1717 1007 Zonarae
1762 939 2217 1029 comparandis
2259 947 2506 1011 tantum
2557 964 2735 1013 usum

482 1050 816 1137 percipere
863 1069 1222 1136 possumus,
1290 1055 1599 1134 quantuni
1648 1048 1792 1134 quis
1837 1052 2215 1137 speraverit,
2289 1050 2462 1137 quod
2509 1053 2592 1120 ab
2660 1074 2736 1122 eo

480 1163 778 1226 auctores
833 1179 962 1225 non
1020 1157 1106 1225 ad
1163 1158 1428 1227 verbum
1477 1177 1616 1226 esse
1667 1157 2026 1246 descriptos
2072 1159 2187 1229 sed
2237 1160 2558 1229 liberrime
2627 1160 2736 1229 ad-

271 1222 276 1228 *
372 1312 375 1315 -
482 1266 718 1336 hibitos
766 1287 907 1335 csse
955 1272 1229 1355 apparet
1272 1269 1361 1352 (v.
1409 1268 1618 1336 B·W
1666 1274 2005 1337 comment.
2054 1269 2379 1338 Fleckeis.
2426 1291 2491 1358 p.
2547 1270 2733 1356 125);

481 1376 897 1462 quamobrem
945 1383 1244 1445 auctores
1275 1378 1568 1446 Zonarae
1617 1382 1682 1444 et
1728 1377 2015 1446 asseclas
2063 1377 2558 1464 diligentissime
2591 1401 2737 1447 cou-

481 1484 710 1553 ferenti
775 1490 1050 1573 apparet
1114 1483 1200 1553 ad
1265 1487 1560 1553 Zona-rae
1627 1486 1827 1554 verba
1894 1486 2293 1556 restituenda
2357 1489 2467 1556 vix
2538 1489 2733 1557 ullum

480 1595 760 1663 fructum
826 1594 979 1663 inde
1046 1595 1193 1682 capi
1258 1615 1448 1682 posse
1513 1601 1771 1682 praeter
1830 1616 1934 1663 res
1981 1601 2047 1663 ct
2106 1597 2349 1665 formas
2407 1596 2731 1665 nominum

477 1703 877 1792 propriorum
901 1705 948 1790 2,
1019 1723 1185 1789 quae
1242 1705 1302 1772 ei
1350 1724 1603 1790 quoque
1661 1724 1913 1792 semper
1967 1704 2103 1772 fere
2160 1712 2344 1772 erant
2392 1704 2731 1774 tenendae.

479 1812 613 1880 Sed
660 1834 741 1881 nc
790 1812 874 1880 de
923 1813 1141 1882 formis
1190 1812 1449 1898 quidem
1497 1814 1822 1881 nominum
1871 1815 2291 1901 propriorum,
2341 1834 2507 1907 qnae
2542 1837 2582 1882 a
2616 1815 2731 1882 Zo-

475 1943 672 1989 narac
720 1923 1088 1990 auctoribus
1119 1923 1222 1989 vel
1255 1923 1520 1990 asseclis
1557 1921 1893 1990 adhibitae
1940 1909 2106 2006 suut,
2156 1922 2533 2010 saepissime
2559 1924 2731 2007 quie-

478 2053 667 2116 quam
730 2033 889 2099 ecrti
950 2038 1222 2116 constat,
1295 2034 1593 2117 quoniam
1654 2052 1863 2116 neque
1918 2030 2223 2118 Scylitzis
2278 2052 2488 2117 neque
2535 2032 2729 2098 Pseili

480 2141 695 2225 verba,
743 2162 824 2208 ne
873 2140 1255 2225 Ccdrenum,
1317 2141 1666 2225 Georgium
1714 2138 2120 2225 Monachum,
2181 2141 2462 2207 Leonem
2512 2142 2732 2208 Gram-

478 2251 802 2334 maticum,
852 2249 1015 2317 alios
1061 2250 1404 2334 nominem,
1468 2249 1561 2316 ita
1607 2256 1754 2316 sunt
1802 2248 2000 2334 edita,
2066 2256 2157 2330 ut,
2226 2270 2392 2334 quae
2438 2249 2504 2315 in
2552 2249 2730 2318 libris

474 2379 665 2425 manu
701 2359 958 2446 scriptis
990 2356 1118 2425 fide
1166 2356 1565 2444 dignissimis
1612 2363 1881 2426 exarata
1929 2359 2077 2443 sint,
2100 2346 2105 2352 ’
2126 2358 2406 2446 perspici
2441 2359 2643 2445 possit
2670 2362 2724 2426 ³:

652 2468 903 2555 Restat,
953 2475 1024 2538 ut
1071 2475 1489 2557 conspectum
1536 2473 1850 2553 notarum,
1901 2468 2130 2554 quibus
2160 2469 2259 2536 usi
2301 2488 2539 2554 sumus,
2589 2490 2727 2556 pro-

472 2599 984 2756 pgnzassxssisinus
1030 2688 1276 2774 Regius
1340 2686 1536 2754 1715
1556 2663 1864 2774 scriptus
1891 2708 1955 2754 a
2006 2686 2178 2754 1289
2228 2688 2317 2771 (v.
2367 2686 2452 2754 ad
2500 2687 2725 2755 XVIII

650 2797 757 2880 29,
784 2797 921 2880 30),
988 2818 1028 2866 a
1091 2817 1194 2865 me
1253 2802 1401 2886 post
1447 2789 1759 2864 Haasium
1821 2796 2053 2864 iterum
2102 2795 2375 2864 collatus
2422 2797 2506 2878 (v.
2556 2796 2720 2884 Β3]ε.

649 2991 670 3031 ¹
709 2991 858 3051 Cum
911 2993 988 3051 de
1037 2994 1312 3051 fontibus
1350 3009 1386 3049 a
1429 2992 1667 3050 Zonara
1720 2992 2007 3050 adhibitis
2058 2993 2256 3066 iisque
2308 2992 2720 3065 scriptoribus,

468 3084 575 3157 qui
613 3071 910 3141 Zonaram
963 3090 1306 3157 sequuntur
1357 3091 1689 3153 auctorem,
1747 3084 1802 3142 h.
1842 3083 1875 3142 1.
1917 3084 2056 3140 ideo
2103 3084 2296 3141 verba
2344 3084 2550 3140 facero
2600 3098 2720 3139 nou

466 3175 786 3250 possimus,
849 3175 1015 3247 quod
1077 3176 1327 3232 editioni
1392 3180 1639 3232 nostrae
1702 3176 1853 3231 flues
1916 3175 2200 3231 artisshni
2265 3180 2407 3232 sunt
2475 3175 2720 3231 circum·

466 3265 692 3336 scripti,
746 3281 858 3322 nos
905 3266 1104 3323 libello
1153 3281 1428 3322 seorsum
1468 3265 1867 3337 exprimendo
1908 3270 1969 3321 et
2011 3265 2208 3337 patrio
2248 3279 2527 3321 sermone
2568 3279 2716 3319 com·

466 3356 752 3427 ponendo
793 3372 883 3425 ea,
923 3373 1083 3428 quae
1126 3357 1188 3412 in
1233 3357 1848 3413 commentationibus
1870 3355 2385 3412 Fleckeisenianis
2424 3355 2716 3410 disserere

466 3447 794 3518 coepimus,
851 3452 911 3503 et
950 3447 1290 3519 supplet-uri
1329 3452 1389 3503 et
1427 3446 1508 3502 ad
1547 3448 1728 3502 finem
1768 3446 2125 3517 perducturi
2163 3460 2392 3512 sumus,
2444 3443 2717 3517 quamvis

465 3551 576 3607 per
614 3552 679 3592 se
720 3540 927 3607 pateat
963 3537 1078 3592 hac
1116 3538 1178 3592 iu
1223 3536 1491 3592 editione
1531 3535 1810 3609 paranda
1849 3552 1886 3591 a
1924 3537 2103 3591 nobis
2140 3551 2381 3606 semper
2420 3540 2480 3591 et
2518 3538 2716 3590 aucto·

464 3641 562 3682 res
600 3625 874 3706 Zonarae
921 3632 981 3683 et
1031 3628 1162 3684 eius
1211 3627 1493 3696 asseclas,
1552 3628 1658 3698 qui
1704 3618 2051 3699 supersunt,
2108 3629 2493 3697 comparatos
2537 3630 2615 3691 ct,
2669 3622 2715 3677 si

464 3731 620 3787 opus
658 3719 877 3785 fuerat,
916 3717 1131 3773 allatos
1170 3732 1320 3772 esse.
1377 3716 1591 3787 Neque
1618 3732 1767 3772 vero
1795 3716 2315 3787 praetereundum
2342 3724 2434 3770 cst
2461 3729 2536 3770 ea
2562 3727 2714 3786 quae

464 3804 521 3862 S.
560 3806 764 3862 Roeck
772 3806 924 3863 elius
984 3812 1062 3873 (v.
1112 3807 1640 3863 Krumbaeherum
1693 3807 1901 3864 Gcsch.
1954 3806 2011 3862 d.
2040 3807 2193 3880 ..byz
2245 3803 2388 3862 Lite.
2442 3804 2712 3861 Monach.

465 3895 601 3952 1891
645 3913 699 3967 p.
741 3895 868 3963 145>
909 3897 1246 3969 disputavit
1300 3897 1376 3953 de
1424 3897 1673 3966 ratione,
1733 3912 1892 3975 quae
1937 3896 2095 3952 inter
2131 3895 2394 3951 Pscllum
2436 3899 2495 3950 ct
2534 3894 2711 3949 Zona·

461 4002 601 4041 ram
632 3986 987 4056 intercedat,
1027 4005 1064 4043 a
1103 3989 1281 4044 nobis
1319 4003 1444 4068 non
1483 3988 1756 4059 potuisse
1794 3988 2027 4058 inspici.

640 4073 667 4115 ²
702 4076 796 4133 De
833 4078 1184 4133 nominibus
1224 4078 1488 4149 propriis
1528 4077 1939 4150 conserendus
1971 4077 2086 4133 erit
2140 4073 2326 4131 index
2366 4071 2709 4137 historicus,

423 4170 427 4174 ’
463 4180 644 4236 quem
683 4168 746 4222 in
786 4167 906 4223 fine
946 4168 1271 4223 voluminis
1310 4167 1663 4222 adiecimus.

639 4254 664 4291 ³
701 4255 1194 4329 Ceterum‘patet
1221 4258 1573 4328 ‚scriptores
1611 4255 1986 4328 Byzantinos
2032 4274 2069 4313 a
2108 4258 2286 4313 nobis
2325 4270 2459 4312 esse
2500 4254 2710 4309 citatos

351 4350 397 4369 ’“
457 4345 795 4403 secundum
851 4347 1147 4405 editiones
1186 4346 1542 4404 Bonnenses
1575 4351 1830 4424 praeter*
1855 4347 2295 4419 Theophanem
2338 4351 2399 4403 et
2424 4342 2710 4414 Nicepho-

430 4452 599 4494 rum
638 4435 1022 4510 Cpolitanum
1064 4438 1178 4494 viri
1217 4437 1531 4496 clarissimi
1572 4438 1648 4494 de
1677 4438 1838 4496 Boor
1878 4438 2194 4512 diligentia
2240 4437 2464 4510 optime
2503 4434 2709 4492 editos.
