2870 4966
612 389 830 453 vum:
865 389 1021 455 Lao
1058 391 1144 455 m
1179 358 1563 457 memes
1598 385 2039 458 sAsvmarr.
2349 346 2463 459 εει

198 580 429 673 μάχων
469 577 848 668 πρεσβεύων
898 577 1008 648 καί
1063 585 1176 670 τῆς
1230 580 1538 670 αἰρέσεως
1594 580 1904 672 διάπυρος
1957 579 2252 674 έραστής)
2319 584 2465 661 οὔτε

201 686 275 756 τὰ
321 684 505 772 δῶρα
549 685 923 774 προσήκατο
967 685 1077 755 καὶ
1120 684 1232 755 τὸν
1274 686 1521 757 τούτων
1564 687 1870 778 κομιστὴν
1902 688 2349 778 ἀπεπέμψατο,
2396 688 2466 768 ἔξ
2482 694 2562 755 28

169 838 174 845 ·
202 789 489 862 εἰδώλων
530 795 979 880 προσκυνητοῦ
1022 791 1117 880 μή
1162 816 1218 859 τι
1261 791 1478 881 λαβεῖν
1522 793 1859 884 ἀνέχεσθαι
1900 793 2189 883 φάμενος
2217 793 2327 863 καὶ
2355 799 2466 884 τῆς
2484 798 2546 859 D

200 893 513 987 βασιλείας
556 892 666 964 καί
710 899 822 985 τῆς
867 895 1044 986 ζωῆς
1090 895 1193 965 διὰ
1237 897 1517 987 βραχέος
1557 898 1914 969 ἑπαπειλῶν
1940 901 2036 986 τῷ
2063 897 2312 988 βασιλεῖ
2332 897 2464 967 στέ-

150 1013 183 1073 5
202 1025 401 1092 ρησιν,
448 1000 509 1070 εἰ
529 999 623 1090 μὴ
655 1006 769 1070 τοῦ
799 1008 1183 1091 προσκυνεῖν
1211 1008 1342 1079 τοῖς
1372 1004 1660 1079 εἰδώλοις
1691 989 2050 1093 ἀπόσχοιτο,
2095 1003 2208 1080 τὰς
2237 1001 2466 1078 σειττάς

203 1106 452 1184 εἰκόνας
496 1107 679 1176 οὕτω.
715 1106 952 1177 καλῶν.
1044 1113 1238 1177 ταῦτα
1284 1108 1463 1197 παρὰ
1507 1114 1621 1178 τοῦ
1667 1109 2043 1185 σταλθέντος
2087 1107 2465 1198 ἀγγελθέντα
2484 1115 2562 1178 24

201 1221 293 1303 τῷ
336 1212 564 1284 Λέοντι
610 1213 957 1303 ἔμφροντιν
1001 1212 1197 1284 αὐτὸν
1238 1217 1622 1305 πεποιήκασι
1636 1233 1652 1252 ·
1706 1212 1816 1285 καί
1859 1219 2177 1285 κοινοῦται
2221 1213 2296 1283 τὰ
2340 1238 2465 1303 μη-

200 1319 466 1388 νυθέντα
512 1323 645 1387 τῶν
690 1318 753 1386 οἰ
796 1319 1107 1409 συνήθων
1153 1319 1266 1388 τινὶ
1309 1328 1404 1409 τῷ
1434 1320 1821 1410 Μελισσηνῷ
1853 1320 2176 1408 Θεοδότῳ,
2222 1321 2296 1396 ὃς
2338 1325 2468 1395 τοϊς

41 1434 183 1498 111382
199 1424 639 1512 εἰκονομάχοις
696 1425 1068 1514 αἶρεσιώτης
1126 1426 1463 1514 ἐτύγχανεν
1521 1428 1635 1495 ὤν.
1729 1427 1904 1515 δόλῳ
1961 1428 2179 1494 τοίνυν
2231 1425 2469 1501 ἐκεῖνος
2485 1431 2559 1492 26

125 1542 185 1600 10
202 1530 306 1598 τὸν
334 1528 581 1597 Λέοντα
612 1529 841 1616 μέτεισι
871 1531 989 1596 καί
1011 1555 1144 1598 τινα
1174 1530 1470 1618 μοναχὸν
1499 1533 1710 1620 ἑαυτῷ
1743 1531 2077 1620 γινώσκων
2122 1530 2464 1637 ὁμόδοξον,

198 1634 404 1720 τούτῳ
450 1633 867 1721 συνεβούλευε
911 1636 1352 1703 κοινώσασθαι
1395 1636 1512 1725 τὴν
1541 1637 1866 1714 ὑπόθεσιν,
1911 1634 2020 1704 καί
2050 1636 2089 1703 δ
2118 1638 2199 1702 ἂν
2229 1636 2468 1710 ἐκεῖνος

196 1739 533 1825 ὑπόθηται,
580 1744 767 1806 τοῦτο
811 1746 1097 1827 ποιῆσαι·
1147 1739 1301 1808 εἶναι
1348 1741 1472 1829 γὰρ
1517 1741 1627 1810 τὸν
1671 1741 1875 1828 ἄνδρα
1919 1739 2151 1828 μεστὸν
2186 1740 2465 1828 χαρίτων
2482 1748 2558 1808 26

194 1847 636 1930 πνευματικῶν
681 1842 790 1910 καί
834 1849 1223 1931 προορῶντα
1269 1846 1345 1912 τὰ
1388 1846 1696 1933 μέλλοντα
1729 1845 1839 1913 καὶ
1867 1845 2277 1932 προλέγοντα.
2369 1844 2466 1919 ὥς
2483 1853 2555 1914 27

197 1946 310 2015 οὖν
355 1945 482 2015 εἶδε
525 1947 636 2015 τὸν
678 1949 940 2035 βασιλέα
988 1951 1381 2037 συνθέμενον
1410 1957 1540 2025 τοῖς
1569 1950 1780 2038 λόγοις
1809 1951 2025 2027 αὐτοῦ,
2070 1951 2273 2016 ἄπεισι
2300 1947 2466 2035 πρὸς

117 2065 177 2123 16
194 2050 300 2143 τὸν
341 2050 634 2143 μοναχὸν
664 2052 703 2118 ό
735 2051 1055 2128 Θεόδοτος
1100 2055 1208 2121 καὶ
1253 2055 1545 2143 προλέγει
1591 2056 1773 2142 αὐτῷ’
1815 2055 1930 2143 τὴν
1974 2054 2069 2128 ὡς
2113 2051 2307 2120 αι’ντὸν
2349 2058 2463 2120 τοῦ
2486 2061 2791 2124 Pinnos

193 2157 635 2243 βασιλεύοντος
689 2157 758 2223 έν
814 2157 1073 2224 ἰδιώτου
1131 2160 1404 2248 σχήματι
1449 2160 1662 2247 ἄφιξιν
1707 2158 1814 2227 καί
1860 2159 2009 2225 ὅτου
2055 2157 2241 2244 χάριν
2286 2156 2457 2222 ἐλεύ-

194 2261 513 2343 σεταιῑψκαὶ
556 2267 966 2349 μυσταγωγεῖ
1003 2252 1227 2331 τοῦτον
1272 2265 1392 2331 ὅσα
1439 2273 1535 2352 τῷ
1584 2265 1831 2352 βασιλεῖ
1879 2262 2237 2339 διαλέξεται.
2330 2259 2456 2327 εἰτα
2477 2269 2553 2328 28

191 2363 417 2440 νυκτὸς
461 2367 703 2432 ἄπεισιν
733 2366 772 2432 ό
803 2366 1097 2453 βασιλεὺς
1139 2366 1306 2455 πρὸς
1348 2368 1459 2436 τὸν
1500 2367 1792 2455 μοναχὸν
1833 2365 2455 2454 μεταμφιασάμενος,

192 2590 225 2646 6
270 2590 393 2662 περὶ
444 2598 536 2647 τοῦ
585 2592 934 2664 ᾹῙελισσηνοῦ
957 2619 961 2623 Α
988 2595 1300 2667 (μελισηνοῢ
1336 2595 1408 2663 Ε)
1469 2596 1735 2653 Θεοδότου
1782 2592 1875 2651 καί
1922 2594 2069 2655 ὅπως
2119 2589 2208 2648 τὸν
2253 2591 2455 2648 Λέοντα

192 2662 427 2736 ἠπάτησε
464 2663 600 2721 κατὰ
637 2671 746 2721 τῶν
783 2666 953 2738 ἁγίων
988 2668 1218 2724 εἰκόνων
1253 2668 1500 2741 λυττῆσαι
1540 2667 1638 2726 OE
1838 2667 1907 2723 13
1943 2667 2045 2737 ὅρα
2079 2666 2248 2721 πόσον
2283 2664 2317 2719 ό
2349 2665 2457 2720 Σα·

192 2736 344 2798 τανᾶς
382 2738 513 2808 (sic)
551 2737 723 2809 ἰσχύει
761 2737 809 2793 Β

300 2956 331 3012 l
370 2955 703 3031 σπουδαστὴς
729 2956 877 3031 pr
989 2958 1026 3016 2
1062 2956 1169 3030 τὸν]
1196 2956 1293 3032 τὴν
1316 2962 1341 3014 t
1387 2958 1641 3031 potheta
1665 2957 1835 3033 apud
1861 2956 1949 3016 Di
2055 2957 2092 3015 4
2125 2956 2374 3032 βραχέως
2406 2954 2457 3014 E

367 3031 581 3102 βασιλεῖ
609 3029 715 3087 ΑΕ
754 3030 931 3115 Cedr.
969 3029 1262 3104 (Seylitz.)
1300 2975 1382 3088 ny
1399 3048 1456 3104 p.
1493 3031 1581 3101 54,
1620 3031 1709 3102 23,
1745 3031 1911 3089 λέοντι
1952 3030 2101 3106 pr
2265 3031 2301 3087 6
2338 3051 2457 3088 στα·
2516 3044 2526 3054 ·

295 3102 471 3166 λέντος
508 3102 846 3177 BCEwpD‘t
982 3104 1015 3162 '¹1
1052 3104 1200 3161 αὐτῶ
1240 3105 1287 3160 Ε
1414 3105 1452 3161 8
1487 3112 1596 3161 τῶν
1631 3106 1688 3161 οἰ
1721 3134 1788 3146 -
1827 3105 1863 3162 9
1898 3105 2212 3178 αἰρεσιώτης
2251 3119 2366 3233 051}-
2405 3101 2456 3161 E

2203 3198 2287 3234 ασι
2348 3198 2383 3233 α

295 3249 332 3305 8
367 3250 424 3304 οἰ
458 3265 572 3308 om.
614 3251 763 3325 pr
931 3249 1000 3307 12
1035 3250 1293 3307 ύπόθοιτο
1333 3239 1482 3324 pr
1649 3250 1719 3309 14
1753 3251 1972 3325 βασιλέα
2007 3249 2131 3323 AR,
2164 3177 2350 3308 qima
2389 3246 2452 3320 O,

295 3322 476 3381 λέοντα
501 3325 721 3397 βασιλέα
759 3321 961 3453 κνῗῦἰ,
1001 3324 1397 3397 imperaturae
1446 3326 1549 3385 Wo
1573 3324 1675 3383 lat.
1704 3325 1927 3384 omisso
1955 3323 2181 3384 Leonis
2207 3323 2454 3382 nomine
2518 3407 2521 3410 Δ

297 3396 366 3452 16
402 3397 551 3469 αὐτῷ
588 3406 666 3470 τῷ
707 3396 780 3468 D,
838 3397 1036 3455 διώτου
1076 3413 1229 3456 corr.
1268 3397 1374 3460 Dw

191 3616 431 3691 bant-ur,
471 3617 719 3676 dimisso
758 3616 1072 3688 professus
1111 3621 1203 3674 est
1240 3632 1307 3675 se
1345 3633 1383 3674 a
1420 3617 1886 3676 simulacrorum
1931 3616 2259 3675 adoratore
2304 3614 2550 3676 nnuma

192 3694 489 3765 accipere,
527 3690 661 3762 regi
698 3692 759 3745 ot
796 3690 974 3761 regni
1014 3695 1076 3746 et
1116 3691 1279 3747 vitae
1315 3691 1614 3748 iacturam
1652 3692 1828 3749 brevi
1866 3691 2282 3759 comminatus,
2336 3689 2454 3746 nisi

192 3764 551 3821 adoratione
573 3761 1037 3819 simulacrorum
1059 3763 1169 3828 (sio
1184 3764 1345 3819 enim
1362 3762 1749 3820 venerandas
1768 3764 2068 3836 imagines
2081 3762 2454 3837 appellabat)

193 3837 541 3892 abstineret.
591 3834 765 3890 Haec
789 3836 1072 3891 nuntiata
1098 3835 1420 3891 sollicitum
1447 3835 1849 3893 reddiderunt
1869 3835 2164 3907 Leonem3
2190 3850 2317 3891 rem
2343 3835 2455 3906 igi·
2471 3834 2549 3894 24

192 3911 288 3963 tur
315 3923 453 3963 euin
493 3905 762 3979 quodam
787 3922 865 3963 ex
894 3907 1297 3963 familiaribus
1323 3906 1642 3964 Theodoto
1670 3907 1989 3964 Melisseno
2029 3907 2452 3977 communic-at,

193 3981 293 4051 qui
320 3980 858 4052 oppugnatoribus
883 3979 1221 4051 imaginum
1248 3979 1555 4036 studebat.
1605 3978 1714 4037 Ille
1739 3978 2008 4037 Leonem
2036 3978 2176 4036 dolo
2204 3979 2549 4051 aggres·25

192 4067 292 4107 sus
312 4060 536 4121 monet,
556 4056 626 4108 ut
646 4053 962 4123 neg-otium
985 4067 1122 4107 eum
1141 4051 1406 4123 quodam
1422 4053 1741 4123 monacho,
1763 4068 1944 4124 quem
1959 4051 2227 4107 eiusdem
2244 4066 2452 4107 seeum

193 4125 493 4196 opinionis
520 4138 654 4181 osse
692 4132 889 4194 norat,
930 4126 1334 4180 eommunicet
1360 4131 1420 4180 et
1460 4139 1621 4197 quae
1648 4124 1746 4181 ille
1772 4125 2035 4181 suaserit
2059 4128 2451 4195 exsequatur.
2619 4191 2625 4197 ο

192 4193 398 4253 Virum
420 4199 581 4253 enim
605 4196 852 4269 plenum
874 4213 1009 4253 esse
1029 4197 1233 4266 gratia
1253 4197 1504 4269 spiritus
1524 4211 1598 4253 ao
1617 4213 1717 4253 res
1740 4198 1981 4253 futuras
2002 4199 2063 4252 et
2089 4195 2453 4269 praevidere
2471 4195 2550 4253 26

193 4275 250 4322 vt
279 4268 654 4340 praedicere.
720 4269 956 4336 Quibus
994 4269 1201 4325 verbis
1240 4285 1389 4340 rego
1428 4284 1677 4325 assenso
1705 4268 2060 4325 Theodotus
2086 4267 2449 4324 monachum
2471 4268 2548 4328 2⁶1

193 4343 494 4411 convenit,
533 4357 745 4413 regem
785 4343 999 4398 habitu
1037 4342 1262 4413 privati
1307 4342 1566 4397 hominis
1616 4340 1696 4396 ad
1752 4357 1893 4398 eum
1941 4346 2270 4398 venturum
2317 4355 2452 4396 esse

194 4416 251 4465 et
284 4427 408 4483 qua
433 4415 638 4485 gratia
675 4416 753 4470 sit
793 4419 1091 4470 venturus
1129 4412 1376 4483 indicat,
1417 4428 1701 4486 quaeque
1740 4430 1878 4470 eum
1916 4429 2066 4486 rege
2104 4415 2225 4470 sint
2271 4412 2454 4469 disse·

193 4484 382 4540 reuda
428 4501 569 4543 eum
618 4486 813 4544 docet.
888 4486 1022 4544 Rex
1069 4491 1255 4543 noctu
1295 4485 1375 4542 ad
1413 4487 1777 4543 monachum
1818 4487 1947 4543 abit
1990 4492 2226 4544 mutata
2264 4485 2553 4559 veste,28
