2870 4966
405 222 855 286 NESTORWS.
928 221 1224 283 TERTIA
1260 222 1618 286 SYNODVS
1656 224 1934 287 EPHmsl
1971 221 2293 286 HABITA.
2366 222 2472 285 105

229 417 357 481 τῶν
385 412 462 499 ιβ’
497 409 867 496 κεφαλαίων
895 413 1026 476 τῶν
1055 415 1167 476 τοῦ
1189 408 1509 495 Κυρίλλου
1540 411 1826 499 ἐχώρησε
1855 411 1964 481 καὶ
1992 412 2081 489 εἰς
2109 411 2472 500 ἀνατροπὴν
2499 409 2503 413 ’

229 505 441 586 αὐτῶν
493 513 821 590 συνέταξεν
873 512 1071 600 ἕτερα,
1122 511 1298 599 ’πρὸς
1341 515 1382 582 ἃ
1435 514 1620 584 πάλιν
1672 515 1711 583 δ
1764 515 1984 604 μέγας·
2007 515 2474 605 ἀντηγωνίσατο
2491 516 2563 577 88

230 618 562 706 Κύριλλος,
625 617 747 684 οὔκ
812 615 1036 703 ὀρθῶς
1100 617 1491 705 δογματίζειν
1544 618 1819 707 ἐλέγχων
1869 619 1979 687 τὸν
2030 619 2470 706 Θεοδώρητον.

229 722 764 810 κατεγνώσθησαν
820 719 891 788 δὲ
943 720 1120 807 παρὰ
1177 729 1288 809 τῆς
1341 721 1615 791 συνόδου
1661 724 1704 790 δ’
1745 747 1807 791 τε
1854 722 2218 811 Ἀντιοχείας
2260 723 2368 801 καὶ
2413 724 2477 791 οἱ
2490 725 2562 785 89

179 841 213 900 ὅ
230 826 432 897 λοιποὶ
484 825 593 893 καὶ
643 830 772 892 τῶν
828 824 1211 910 ὀρθοδόξων
1264 826 1797 914 ἠλλοτριώθησαν.
1897 828 2103 901 οὕτως
2157 824 2274 894 οὖν
2327 827 2473 894 τού·
2489 828 2563 888 40
2641 837 2645 840 ’

229 956 357 999 των
402 928 680 1017 ἐχόντων
724 927 832 995 καὶ
876 924 1013 995 κατ’
1063 929 1352 1016 ἀλλήλων
1398 931 1756 1017 γενομένων
1799 935 1929 998 τῶν
1973 929 2338 999 ἐπισκόπων
2367 929 2474 998 καὶ

231 1036 567 1123 σχίσματος
613 1033 794 1106 ὄντος
837 1035 1035 1120 μέσον
1080 1034 1310 1111 αὐτῶν,
1357 1034 1395 1100 δ
1424 1033 1714 1120 βασιλεὺς
1744 1032 2087 1109 Θεοδόσιος
2131 1035 2473 1122 ἀφικέσθαι

229 1141 464 1211 πάντας
518 1138 837 1204 ἐκέλευσεν
883 1138 969 1210 εἷς
1015 1137 1698 1205 Κωνσταντινούπολιν·
1763 1139 1870 1206 καὶ
1921 1138 2473 1224 παραγενομένων,
2490 1141 2554 1201 41

232 1245 502 1310 ἐνώπιον
544 1247 656 1308 τοῦ
700 1241 1011 1327 βασιλέως
1055 1243 1095 1328 ἦ
1139 1243 1386 1328 ζήτησις
1431 1244 1666 1327 γέγονε,
1713 1243 1821 1310 καὶ
1859 1244 2200 1330 καθῃρέθη
2233 1241 2472 1310 Νεστό-

146 1365 212 1422 10
233 1372 366 1434 ριος
420 1346 527 1413 καὶ
583 1348 670 1420 εἰς
723 1345 835 1432 τὴν
898 1345 1071 1431 ἑῴαν
1137 1346 1568 1432 ὒπερωρίσθη,
1632 1353 1744 1412 τοῦ
1794 1346 2155 1432 Ἀντιοχείας
2210 1345 2319 1414 καὶ
2361 1350 2474 1412 τοῦ
2492 1349 2565 1408 42

242 1451 665 1536 Θεοδωρήτου
713 1451 1302 1536 συμφρονησιὶντων
1345 1458 1421 1537 τῇ
1468 1449 1605 1535 ἱερᾷ
1650 1451 1924 1537 συνόδῳ,
1985 1451 2079 1524 ὡς
2125 1449 2226 1517 διὰ
2271 1450 2476 1535 λύπην
2493 1453 2540 1516 0

234 1556 339 1622 καὶ
402 1556 530 1640 ἔριν
594 1555 1212 1641 ἀντικαθισταμένων
1273 1554 1345 1620 τὸ
1407 1555 1733 1640 πρότερον.
1824 1561 1934 1621 τοῦ
2001 1555 2069 1622 δὲ
2127 1553 2474 1640 Νεστορίου
2491 1558 2566 1617 43

233 1658 501 1731 πολλοὺς
529 1658 1048 1744 ,διαστρέφοντοςὶ
1102 1658 1139 1724 ὁ
1190 1659 1553 1745 Ἀντιοχείας
1601 1659 1894 1746 Ἰωάννης
1949 1658 2282 1745 ἀναφορὰν
2334 1658 2477 1744 περὶ

16 1776 105 1834 »111
121 1774 218 1833 240
234 1765 453 1831 τούτου
499 1754 663 1847 πρὸς
708 1762 816 1829 τὸν
864 1763 1301 1847 αὐτοκράτορα
1358 1764 1716 1849 ἐποιήσατο,
1776 1764 1978 1839 ἀξιῶν
2030 1764 2476 1850 μετενεχθῆναι

155 1879 215 1936 15
234 1867 422 1934 αὐτὸν
476 1866 770 1951 ἀλλαχοῦ.
862 1867 970 1932 καὶ
1024 1868 1356 1953 ἀπηνέχθη
1416 1867 1454 1933 ὁ
1511 1867 1775 1941 δείλαιος
1827 1868 1914 1940 εἷς
1949 1868 2190 1944 Ὄασιν,
2253 1868 2477 1953 χώραν
2494 1870 2568 1928 44

234 1970 440 2065 οὖσαν,
481 1977 591 2058 τῆς
648 1971 940 2057 Ἀραβίας
1001 1971 1248 2057 λυπρὰν
1302 1971 1410 2038 καὶ
1473 1972 1600 2038 ὑπὸ
1655 1973 1912 2058 ἀνέμων
1964 1972 2476 2058 καταπνεομένην

230 2078 673 2163 φθοροποιῶν.
765 2074 1139 2163 ἀντεισήχθη
1188 2076 1258 2142 δὲ
1304 2076 1390 2149 εἷς
1433 2076 1547 2163 τὴν
1590 2083 1701 2166 τῆς
1745 2077 1888 2149 νέας
1911 2075 2164 2163 Ῥώμης
2205 2077 2570 2161 aomar-45

230 2180 402 2268 τικὴν
432 2178 837 2265 ,Μαξιμιανὸς
866 2186 976 2267 τῆς
1007 2180 1339 2267 ἐκκλησίας
1373 2181 1812 2267 πρεσβύτερος.
1902 2179 2010 2247 καὶ
2051 2177 2208 2267 μετὰ
2252 2185 2475 2247 τοῦτον
2492 2182 2566 2242 46

232 2284 327 2352 ἐπὶ
374 2284 600 2351 διετίαν
644 2283 1203 2370 ἀρχιερατεύσαντα
1249 2283 1557 2370 Πρόκλος
1600 2284 1639 2352 ό
1682 2290 1796 2352 τοῦ
1836 2282 2302 2371 Χρυσοστόμου
2346 2307 2473 2371 μα-

233 2498 266 2556 5
302 2502 375 2555 ὅτι
414 2500 487 2561 εἰς
525 2500 1087 2557 Κωνσταντινούπολιν
1118 2500 1543 2574 μετακληθέντες
1580 2500 1636 2557 o!
1668 2506 1759 2573 τῆς
1794 2500 2020 2558 συνόδου
2056 2480 2373 2573 ὥμονόησαν
2411 2495 2458 2558 C

236 2573 301 2628 12)
335 2572 455 2644 περὶ
489 2580 834 2644 πατριαρχῶν
873 2572 969 2630 ΟΕ

337 2770 372 2825 ‘2
409 2776 550 2826 ante
589 2770 866 2835 συνέταξεν
904 2770 1042 2826 ndd.
1083 2772 1349 2843 κεφάλαια
1387 2772 1536 2844 pr
1706 2772 1738 2830 7
1775 2772 2026 2843 σχίματος
2062 2770 2136 2839 D,
2175 2735 2328 2827 corn
2368 2769 2475 2829 Dw

342 2842 409 2897 12
446 2847 583 2915 post
620 2844 890 2912 νεστορίου
928 2843 1068 2900 add.
1107 2844 1210 2900 κάν
1248 2854 1310 2916 τῇ
1344 2844 1523 2915 ἕξορίᾳ
1562 2844 1756 2916 O(w)1)
2008 2843 2072 2899 16
2109 2842 2198 2899 ὕπ’
2236 2839 2477 2916 prDl‘

341 2914 407 2971 17
448 2915 821 2986 φθοροποιῶν]
860 2918 1121 2987 σφοδρῶν
1159 2915 1214 2971 D
1362 2916 1430 2973 19
1467 2924 1557 2973 τοῦ
1598 2932 1711 2973 om.
1751 2915 1878 2972 init.
1917 2930 2074 2972 vere.
2111 2915 2160 2971 Ε

128 3119 135 3130 ’
236 3122 434 3193 capit-a
474 3120 677 3194 Cyriili
717 3123 998 3180 invectus
1036 3125 1127 3180 e'st
1164 3123 1244 3178 ad
1280 3138 1480 3195 eaque
1518 3122 1846 3181 refutanda
1882 3123 2075 3181 altera
2119 3120 2474 3195 composuit,

236 3199 446 3250 contra
493 3209 653 3265 quae
697 3196 915 3253 iterum
955 3211 1218 3267 magnus
1254 3197 1560 3268 pugnavit
1597 3194 1856 3266 cyrillus
1892 3210 2093 3267 neque
2133 3188 2573 3251 Theodoro-88

236 3268 356 3320 tum
397 3274 561 3323 recte
599 3268 823 3324 sentire
864 3268 1088 3324 docuit.
1163 3268 1256 3324 lta
1293 3269 1678 3325 condemnati
1717 3283 1754 3324 a
1782 3268 2034 3324 coneilio
2061 3261 2572 3323 Antiochenusssi)
2660 3286 2666 3290 ·

237 3342 295 3393 ct
332 3340 512 3394 ceteri
554 3341 633 3395 ab
674 3340 1028 3397 orthodoxis
1066 3340 1311 3400 alienati
1349 3345 1509 3396 sunt.
1583 3340 1755 3407 Quae
1793 3354 1929 3395 cum
1968 3341 2052 3395 ita
2089 3354 2154 3395 se
2179 3330 2574 3394 haberent40

237 3414 296 3464 et
342 3410 454 3465 sibi
504 3412 725 3468 infensi
779 3420 980 3468 essent
1031 3413 1300 3483 episcopi
1350 3413 1669 3468 schismate
1724 3416 1872 3480 orto,
1935 3427 2043 3468 rex
2094 3410 2473 3467 Theodosius

237 3483 561 3539 convenire
610 3499 819 3540 omnes
865 3484 1040 3539 iussit
1078 3483 1338 3555 Cpolimz
1396 3486 1482 3540 ita
1528 3499 1663 3539 cnm
1713 3484 2012 3551 adessent,
2069 3498 2273 3539 coram
2324 3495 2473 3552 rege
2490 3475 2566 3534 41

236 3556 592 3622 quaestione
630 3556 837 3611 habita
875 3555 1187 3612 Nestorius
1225 3562 1463 3612 amotus
1501 3560 1560 3612 et
1597 3557 1659 3612 in
1686 3555 1990 3613 Orientem
2029 3554 2320 3625 expulsus
2366 3558 2473 3622 est,

234 3624 609 3683 Antiocheno
650 3633 710 3683 et
747 3626 1131 3684 Theodoreto
1178 3629 1442 3683 assensis
1489 3633 1698 3683 sancto
1746 3626 2017 3696 concilio,
2073 3630 2286 3697 utpote
2333 3628 2474 3680 ante
2491 3619 2573 3677 42

235 3712 341 3767 per
378 3698 646 3755 dolorem
686 3702 746 3753 et
785 3700 1231 3755 contentionem
1273 3700 1776 3770 repugnantibus,
1851 3697 1998 3754 Cum
2039 3703 2242 3753 autem
2268 3691 2574 3752 Nesto-43

235 3768 358 3824 rius
407 3771 631 3826 multos
681 3770 743 3825 in
796 3786 1061 3826 errorem
1112 3771 1444 3839 induceret,
1500 3770 1759 3827 Ioannes
1798 3768 2212 3825 Antiochenus
2267 3768 2344 3824 de
2400 3781 2474 3823 oo

235 3840 413 3897 alium
453 3843 513 3897 in
559 3841 756 3897 locum
798 3843 1222 3898 transferendo
1264 3842 1342 3897 ad
1372 3843 1798 3913 imperatorem
1834 3841 2062 3897 detulit.
2138 3840 2211 3896 Et
2237 3843 2475 3896 amotus
2492 3835 2575 3892 44
2622 3900 2633 3907 ,

234 3918 321 3968 est
356 3914 537 3968 miser
575 3913 671 3969 iile
710 3915 771 3969 in
811 3914 1013 3983 Oasin,
1064 3919 1286 3971 terram
1327 3912 1593 3969 Arabiae
1641 3919 1883 3970 tenuem
1925 3914 2247 3983 ventisque
2284 3911 2476 3981 agita·

235 3988 351 4037 tam
401 3985 777 4055 perniciosis.
853 3985 969 4040 Pro
1022 4002 1094 4041 eo
1148 3991 1352 4041 autem
1404 3985 1785 4041 introductus
1841 3990 1931 4040 est
1987 3985 2046 4040 in
2108 3978 2574 4055 pastoralem&

234 4068 430 4110 novae
459 4055 687 4112 Romae
728 4057 930 4112 sedem
960 4057 1382 4124 Maximianus,
1423 4057 1716 4113 ecclesiae
1755 4057 2092 4128 presbyter,
2133 4056 2230 4111 eui
2270 4069 2378 4127 per
2415 4050 2574 4109 1146

233 4140 422 4182 annos
461 4143 715 4185 munere
756 4133 965 4185 iuncto
1003 4129 1271 4195 Procius,
1323 4128 1732 4200 chrysostomi
1771 4127 2120 4199 discipulus,
2163 4125 2474 4193 suecessit,

234 4198 330 4265 qui
372 4214 408 4253 a
447 4199 708 4256 Sisinnio
751 4202 1096 4273 patriarcha
1127 4199 1337 4272 ,Cyzici
1378 4202 1699 4272 episcopus
1735 4206 1877 4255 ante
1916 4205 2174 4268 creatus,
2222 4213 2345 4253 non
2382 4211 2476 4253 re·

233 4275 439 4339 ceptus
490 4288 527 4328 a
566 4271 897 4345 Cyzicenis,
957 4275 1060 4347 qui
1110 4273 1366 4329 alterum
1415 4272 1728 4344 elegerant
1775 4272 2138 4358 pontificem,
2199 4274 2475 4343 tempore
