2870 4966
1284 238 1613 307 Praefatio.
2165 299 2166 302 ,
2477 242 2572 307 XI

323 426 522 516 6,18.
572 426 634 515 7,
657 427 717 497 8.
772 428 1000 517 12,13.
1027 428 1135 498 21.
1161 427 1267 495 51.
1322 427 1502 516 15,5.
1530 427 1617 496 33
1643 429 1819 515 cct.),
1862 427 2182 517 plerisque
2213 433 2428 500 autem
2460 425 2573 498 do·

325 553 632 625 pravasse
703 537 786 620 (v.
833 533 920 605 ad
967 534 1136 604 XIII
1183 533 1386 623 5,,31.
1441 536 1502 623 7,
1535 535 1641 605 21.
1705 535 1809 622 10,
1842 535 1948 607 27.
2016 536 2119 624 13,
2152 535 2260 606 24.
2323 536 2574 624 14,10.

328 643 431 728 16,
457 642 565 710 21.
619 642 857 729 17,11.
910 642 1141 730 18,14.
1188 642 1299 728 23,
1323 643 1431 712 42.
1482 642 1673 728 24,8.
1725 642 1885 713 XIV
1930 644 1995 730 2,
2021 643 2084 712 8.
2131 643 2195 731 3,
2224 643 2285 713 7.
2329 643 2573 731 5,2.5.

325 752 386 837 7,
412 751 520 817 20.
569 749 632 837 8,
659 749 721 819 8.
778 749 843 836 9,
864 751 973 819 21.
1040 752 1143 837 10,
1168 749 1232 818 5.
1259 751 1367 818 24.
1419 751 1609 837 11,5.
1636 749 1744 819 25.
1797 750 1901 838 12,
1922 751 2031 819 24.
2084 750 2189 837 13,
2213 750 2322 819 26.
2373 748 2480 837 14,
2508 751 2570 819 7.

328 858 429 945 17,
455 857 520 925 2.
568 857 806 945 2Ο,21.
854 858 964 944 24,
998 860 1052 925 1.
1086 859 1188 926 11.
1228 857 1355 937 28,
1387 860 1416 925 1
1451 859 1627 943 eet.),
1688 858 1930 947 primus
1974 858 2356 927 Ludovicus
2398 858 2575 927 Din-

322 957 581 1056 dorfius
636 965 928 1034 Zonarao
993 966 1339 1053 epitomam
1413 965 1767 1033 secundum
1850 964 2138 1035 codicem
2210 964 2573 1036 Parisinum

327 1073 498 1142 1715
530 1074 639 1156 (A)
669 1095 710 1140 a
741 1072 1076 1141 Fridcrico
1103 1074 1344 1141 Haasio
1379 1093 1523 1141 cum
1556 1073 1839 1141 editione
1864 1074 2158 1141 Parisina
2181 1094 2241 1142 a.
2280 1072 2571 1158 1838s39

324 1181 628 1248 collatum
692 1183 780 1264 (v.
830 1180 1144 1248 Dindorfii
1205 1180 1362 1249 edit.
1412 1182 1534 1249 vol.
1591 1182 1665 1250 V.
1714 1203 1778 1269 p.
1830 1181 2137 1249 CXLVII
2196 1186 2261 1249 et
2305 1181 2349 1249 1.
2399 1200 2455 1249 0.
2505 1202 2571 1268 p.

321 1289 452 1357 219
473 1290 553 1370 s.)
628 1288 895 1377 Lipsiae
954 1309 1037 1356 cx
1092 1288 1366 1357 aedibus
1411 1289 1737 1357 Teubneri
1785 1312 1845 1357 a.
1899 1289 2068 1356 1868
2095 1310 2179 1357 ss.
2227 1310 2342 1358 sex
2388 1289 2568 1358 volu·
2607 1300 2614 1310 '

322 1397 597 1465 minibus
652 1400 862 1465 emisit
919 1404 1095 1466 ratus
1147 1397 1434 1487 „codicis
1490 1398 1984 1465 illius‘Parisini
2043 1399 2395 1465 bonitatem
2443 1418 2572 1465 non

323 1526 465 1575 esse
512 1527 676 1592 eam,
726 1508 879 1592 quin
925 1527 1122 1594 sacpe
1170 1528 1251 1574 ex
1299 1507 1530 1574 cctcris
1577 1507 1660 1574 sit
1693 1491 2131 1574 emendandus
2163 1512 2228 1574 et
2273 1505 2574 1594 supplen-

322 1614 462 1700 (lus,
532 1613 767 1682 nedum
816 1620 884 1681 ut
935 1636 1046 1702 pro
1094 1635 1310 1682 corum
1362 1615 1562 1703 possit
1610 1614 1965 1703 archetypo
2013 1614 2234 1682 haberi
2283 1617 2369 1698 (v,
2416 1614 2460 1684 1.
2508 1635 2567 1683 c.

323 1748 387 1815 p.
433 1725 615 1811 228),
664 1726 858 1794 toties
906 1733 1123 1793 tamen
1156 1746 1296 1793 011111
1345 1726 1642 1793 meliores
1690 1726 1921 1793 ceteris
1966 1724 2379 1812 suppeditare
2424 1724 2577 1792 scri·

191 1853 198 1861 ·
323 1842 565 1923 pturaS,
613 1842 684 1902 ut
733 1885 748 1903 .
776 1883 831 1903 ..
879 1857 1006 1901 non
1064 1835 1264 1903 solum
1314 1835 1515 1903 multa
1562 1856 1644 1903 ex
1692 1856 1768 1924 co
1799 1836 2150 1922 receperit,
2218 1854 2383 1921 quae
2430 1854 2575 1901 cum

325 1945 706 2034 scriptorum
733 1967 773 2014 a
806 1947 1058 2012 Zonara
1092 1951 1539 2033 excerptorum
1575 1955 1887 2012 consensu
1929 1944 2350 2028 firmarentur,
2397 1942 2575 2010 nulla

325 2064 493 2123 essct
525 2056 691 2124 ratio
726 2076 839 2123 cur
872 2063 1225 2124 ceterorum
1277 2055 1608 2145 scripturis
1654 2053 2189 2144 posthabcrentur
2232 2057 2319 2138 (v.
2358 2059 2575 2121 tamen
2617 2122 2635 2135 ,
2705 2095 2709 2100 ,

324 2165 490 2232 infra
535 2187 599 2253 p.
626 2166 836 2252 XIV),
883 2165 999 2233 scd
1034 2164 1227 2233 etiam
1262 2166 1326 2232 in
1359 2165 1621 2251 reliquis
1654 2165 1830 2233 illum
1864 2165 2075 2253 potius
2110 2184 2300 2250 quam
2333 2163 2574 2230 alteros

324 2273 579 2342 duxerit
625 2273 1084 2361 sequendum“.
1181 2274 1299 2342 Cui
1348 2274 1664 2342 Dindorfii
1720 2274 2080 2343 sentcntiae
2136 2287 2252 2344 nos
2313 2271 2571 2359 quidem

262 2376 267 2384 ’
324 2404 400 2451 eo
449 2383 752 2453 libentius
795 2384 1240 2472 astipulamur,
1291 2405 1416 2470 quo
1452 2383 1812 2454 evidentius
1860 2390 1959 2453 est
2007 2382 2070 2451 iu
2119 2382 2351 2451 ceteris
2398 2380 2570 2451 codi-

325 2493 505 2562 cibus
553 2499 639 2581 (v.
691 2495 732 2564 l.
782 2515 838 2565 c.
888 2517 951 2584 p.
1002 2497 1160 2579 228)
1222 2517 1262 2564 a
1309 2489 1463 2565 vir'is
1511 2493 1890 2582 quibusdam
1940 2492 2149 2563 doctis
2197 2492 2572 2583 Byzantinis

325 2624 402 2672 ca
449 2625 615 2692 quac
662 2604 742 2674 iis
791 2613 973 2674 erant
1021 2605 1379 2692 offensioni,
1429 2606 1565 2675 sive
1614 2626 1716 2675 res
1762 2610 2019 2695 spectes
2064 2604 2201 2674 sivo
2242 2623 2448 2692 genus
2480 2601 2572 2671 di·
2692 2620 2696 2625 ·

325 2714 534 2801 cendi,
606 2737 730 2784 non
800 2715 990 2784 modo
1062 2716 1281 2803 aliqua
1343 2719 1592 2785 ratione
1657 2736 1797 2785 csse
1860 2720 2126 2802 mutata,
2197 2711 2313 2784 sed
2377 2712 2571 2783 ctiam

328 2823 499 2894 haud
567 2846 710 2895 raro
778 2826 1067 2896 consulto
1136 2811 1424 2896 Zonarac
1493 2826 1708 2895 verbis
1766 2825 2068 2895 nonnulla
2123 2845 2263 2895 csse
2325 2821 2570 2894 addita.

325 2935 427 3003 Ita
472 2973 562 2985 —
608 2943 892 3005 nostrum
954 2937 1121 3006 enim
1183 2958 1311 3005 non
1378 2945 1476 3005 est
1533 2936 1745 3005 omnia
1804 2936 1941 3006 eius
1985 2933 2242 3023 generis
2289 2933 2459 3003 hunc
2506 2934 2573 3002 iu

325 3043 533 3113 locum
582 3046 899 3133 conferre,
970 3044 1087 3115 sed
1133 3046 1454 3114 sufficiant
1501 3046 1748 3132 aliquot
1794 3047 2091 3135 exempla
2137 3043 2440 3132 graviora
2487 3078 2569 3092 —-

323 3155 493 3240 quod
541 3157 828 3225 Zonaras
874 3155 1254 3238 XV11121,
1281 3157 1331 3221 4·
1382 3155 1793 3224 acerbissimo
1848 3154 2096 3223 iudicat
2149 3175 2190 3221 a
2236 3151 2574 3222 Comnenis

323 3265 522 3332 multa
567 3265 955 3334 Botaniatae
1013 3271 1165 3333 aeta
1222 3264 1443 3334 statim
1502 3264 1819 3353 abrogata
1876 3272 1941 3333 et
1988 3262 2336 3352 complura,
2409 3282 2573 3347 quac

324 3372 405 3440 ab
453 3374 563 3444 illo
608 3375 951 3461 βασιλικῶς
999 3373 1262 3442 decreta
1308 3380 1514 3461 eraut,
1574 3379 1964 3461 τυραννικῶς
2011 3392 2150 3442 csse
2196 3371 2459 3458 abolita,
2507 3371 2572 3439 in

224 3516 229 3524 ·
325 3482 656 3553 codicibus
703 3483 1067 3552 recentibus
1099 3483 1268 3552 BCD
1318 3491 1386 3552 ct
1429 3484 1771 3571 βασιλικῶς
1817 3488 1882 3579 et
1925 3487 2314 3569 τυραννικῶς
2359 3480 2573 3551 deleta

322 3599 489 3680 sunt,
535 3613 618 3661 ne
666 3593 972 3662 Oomncni
1023 3592 1569 3662 offenderentur¹.
1663 3593 1924 3675 Contra,
1973 3598 2044 3661 ut
2092 3589 2375 3660 ciusdem
2421 3610 2572 3678 gen-

324 3701 405 3769 tis
450 3703 665 3787 gratia
720 3709 1073 3790 pareretur,
1113 3686 1393 3770 'scribac
1450 3702 1755 3770 librorum
1821 3701 2174 3769 recentium
2220 3700 2388 3769 BCE
2434 3694 2589 3780 sive]

325 3829 404 3877 cx
450 3811 737 3905 Scylitzc
792 3833 856 3900 p.
905 3804 1173 3898 648,‘18
1200 3832 1284 3880 ss.
1356 3812 1493 3881 sive
1552 3831 1633 3880 cx
1688 3831 1813 3878 uno
1861 3809 1943 3878 dc
1990 3809 2128 3878 eius
2173 3808 2439 3878 asseclis
2485 3807 2570 3877 ad

324 3915 551 3987 XVIII
601 3921 662 4004 7,
689 3919 730 3987 9
801 3918 1044 3988 addere
1103 3941 1231 3989 non
1290 3918 1750 3989 dubitaverunt
1796 3924 2043 3987 tantam
2090 3917 2285 3987 fuisse
2320 3918 2567 4008 ‘Isaacii

497 4098 521 4139 ¹
560 4099 859 4159 Iudicium
887 4100 965 4158 do
984 4092 1185 4157 Alexii
1214 4099 1506 4159 Comncni
1534 4096 1784 4157 libidine
1810 4100 2084 4157 similiter
2110 4101 2350 4174 putavit
2376 4088 2572 4156 scriba
2624 4085 2627 4089 ’

204 4168 205 4171 ‘
326 4189 549 4248 codicis
587 4189 633 4249 e
672 4207 805 4249 esse
847 4191 1196 4249 leniendum
1237 4190 1315 4247 aa
1353 4190 1553 4249 xvm
1590 4190 1768 4262 24,14
1805 4189 2141 4263 ἀφροδισίων
2180 4230 2237 4248 ..
2274 4189 2571 4262 ἡττώμενος

324 4279 387 4335 οὔ
420 4283 560 4340 πάνυ
598 4281 675 4359 τιῒιἱ
695 4282 749 4347 ἐς
785 4281 946 4356 εὐνὴν
982 4283 1228 4356 ἐτύγχανε
1265 4283 1470 4345 δίκαιος
1496 4282 1718 4339 additis
1744 4282 1819 4344 ὥς
1845 4301 2023 4354 φασιν.
2100 4278 2430 4338 Praeterea
2455 4279 2571 4337 huc

326 4375 627 4464 referendi
666 4381 808 4461 sulit
846 4375 961 4432 loci
1002 4374 1089 4435 1111
1127 4374 1275 4433 ΧΙΙΙ
1314 4374 1400 4448 16,
1420 4375 1508 4434 21.
1546 4373 1686 4434 XIV
1724 4373 1869 4446 4‚20
1907 4378 2019 4433 cet.
