2870 4966
453 247 457 252 .
517 201 659 263 XIV
1327 203 1331 208 ’
1435 163 1447 189 ’Δ
1478 179 1817 272 Praefatio.¹

519 386 680 473 222
726 386 973 475 μαθὼν
1018 387 1090 457 ὁὲ
1134 388 1244 458 καὶ
1286 389 1415 459 τὸν
1455 392 1749 494 4500?ch
1793 396 1919 485 ἤδη
1964 398 2372 485 βασιλειῶντα
2418 400 2528 470 καὶ
2562 428 2777 492 wem·-

516 494 691 571 νίὸος
754 497 1139 585 ἀρξάμενον,
1205 499 1609 570 ἀπονενεύκει
1666 502 1834 591 πρὸς
1887 529 1923 572 τ
1941 504 1979 574 ὁ
1997 530 2035 574 ν
2087 506 2149 574 Φ
2166 532 2225 576 ω
2245 533 2287 576 κ
2307 513 2353 576 ἅ
2368 534 2406 578 ν
2469 510 2537 579 in
2602 511 2777 585 libris

383 685 390 693 ⁵
515 604 887 674 recentibus
933 605 1107 675 BOD
1154 604 1250 676 ita
1295 615 1651 701 retraetata
1696 613 1876 701 sunt,
1913 620 1985 683 ιιι
2024 635 2143 704 pro
2186 617 2587 688 ἀπονενεύκει
2618 622 2778 709 πρὸς

406 807 411 814 .
512 713 623 782 τὸν
689 715 934 784 Φωκᾶν
1009 714 1326 788 νίιειιιᾱιιο
1388 720 1792 808 repetitionis
1850 722 2190 793 verborum
2232 745 2448 807 ‚causa
2503 737 2771 801 exarata

466 807 473 817 ’
515 821 645 892 sint
689 824 855 912 πρὸς
900 826 1141 894 ἐκεῖνον
1186 828 1507 913 ἀπονεύεις
1557 829 1761 898 altero
1793 851 1946 901 vero
1979 831 2123 900 loco
2156 822 2377 920 (XVII
2410 836 2473 923 7,
2499 838 2614 923 25)
2655 860 2769 928 pro

514 932 745 1021 μόνου,
794 932 968 1021 quod
1011 941 1278 1025 propter
1322 936 1717 1007 antecedens
1767 939 1957 1028 μόνῳ
2015 941 2152 1011 viro
2209 934 2436 1012 critico
2491 945 2774 1034 ineptum

516 1061 659 1112 csse
719 1042 924 1113 visum
984 1050 1103 1132 est,
1167 1043 1233 1113 in
1293 1043 1545 1116 duobus
1601 1045 1936 1118 codicibus
1983 1050 2447 1122 recentioribus
2478 1054 2769 1142 positum

515 1156 613 1219 cst
659 1152 820 1238 οἴου,
867 1151 934 1219 in
980 1172 1106 1221 uno
1154 1151 1391 1224 rectius
1439 1158 1579 1223 οἴου
1609 1158 1651 1221 ¹.
2013 1181 2026 1191 ··
2185 1187 2189 1191 Α
2475 1217 2479 1224 ,

694 1258 1010 1341 Quoniam
1065 1261 1264 1348 igitur
1317 1261 1648 1332 demonstr
1650 1285 1898 1334 avimus
1952 1266 2019 1334 in
2077 1267 2256 1347 libris
2310 1270 2769 1340 recentioribus

513 1387 654 1437 csse
696 1375 762 1437 ct
793 1370 1087 1438 Zonarac
1134 1370 1361 1439 verba
1379 1372 1662 1457 genuina
1707 1380 1956 1442 mutata
2003 1380 2069 1443 ct
2113 1371 2418 1445 nonnulla
2464 1376 2770 1448 adiuncta

512 1483 578 1543 ct
624 1476 824 1545 multa
871 1478 1344 1565 praetermissa,
1411 1479 1637 1548 horum
1685 1482 1980 1550 codicum
2028 1485 2382 1562 auctoritas
2436 1506 2582 1553 cum
2648 1486 2771 1555 fide

513 1584 659 1653 libri
694 1584 1172 1670 Parisini1715
1209 1608 1506 1675 pugnans
1549 1595 1681 1656 tam
1729 1590 1913 1677 parvi
1962 1591 2218 1659 videtur
2264 1613 2407 1660 esse
2454 1593 2768 1681 ducenda,

513 1699 602 1780 ut,
652 1694 907 1764 etiamsi
955 1694 1075 1762 soli
1116 1695 1472 1784 praebeant
1506 1699 1704 1765 verba
1736 1700 2159 1785 congruentia
2192 1721 2337 1767 cum
2369 1701 2587 1769 verbis
2619 1704 2769 1770 scri-

513 1808 766 1891 ptorum
816 1825 857 1870 a
891 1804 1145 1872 Zonara
1178 1813 1626 1892 excerptorum
1674 1842 1764 1856 --
1810 1805 1984 1891 quod
2019 1810 2341 1876 rarissime
2374 1808 2618 1877 accidit
2662 1847 2765 1896 -,

511 1932 627 1980 nos
670 1904 887 1979 tamen
935 1933 1079 1980 cum
1114 1909 1449 1981 Dindorfio
1498 1913 1790 1982 codicem
1824 1914 2187 1983 Parisinum
2235 1917 2412 1984 illum
2461 1919 2765 2005 optimum

513 2020 693 2104 sequi
731 2020 1162 2100 inaluei·i1nuS‚
1213 2021 1386 2106 quod
1434 2043 1561 2089 non
1610 2021 1797 2090 abest
1843 2024 2144 2110 suspicio,
2195 2025 2346 2109 quin
2395 2024 2516 2093 viri
2565 2027 2766 2093 critici
2816 2027 2819 2030 ’

513 2128 851 2215 Byzantini
899 2150 1016 2216 pro
1065 2130 1398 2197 vocabulis
1446 2151 1487 2196 a
1534 2131 1786 2200 Zonara
1834 2124 2405 2219 ipso-excogitatis
2436 2134 2767 2201 usitatiora

512 2236 980 2318 revocaverint,
1054 2238 1285 2322 quibus
1346 2238 1638 2306 Zonarac
1697 2245 1996 2307 auctores
2059 2240 2159 2306 usi
2226 2246 2428 2307 erant.
2526 2240 2764 2319 Quodsi

512 2344 579 2410 in
626 2343 880 2412 edenda
912 2346 1206 2412 Zonarac
1253 2344 1538 2432 epitoma
1587 2345 1906 2413 codicem
1936 2345 2354 2413 Parisinnm
2404 2345 2578 2414 1715
2627 2368 2763 2415 cum

514 2451 846 2521 Dindoriio
894 2453 1218 2539 sequimur
1266 2452 1515 2522 «lucem
1563 2455 2079 2541 p1·aecipuuni²
2126 2454 2239 2541 ita,
2289 2460 2359 2523 ut
2406 2455 2764 2524 testimonia

514 2562 818 2630 librorum
882 2562 1235 2631 recentium
1301 2584 1383 2631 ex
1450 2563 1677 2631 codem
1745 2562 1971 2632 codice
2030 2563 2387 2653 archetypo
2454 2563 2762 2632 derivato·

514 2693 670 2756 rum,
720 2693 757 2740 c
805 2692 932 2757 quo
979 2671 1165 2739 fluxit
1214 2672 1321 2739 illc
1354 2673 1687 2740 Parisinus
1733 2675 1821 2755 (ν.
1855 2672 1897 2740 1.
1933 2692 1989 2740 c.
2025 2694 2089 2760 p.
2124 2675 2304 2758 228),
2352 2693 2479 2739 non
2513 2693 2761 2759 sperna-

513 2801 672 2866 mus,
720 2781 774 2848 si
823 2782 1017 2866 quam
1065 2781 1446 2868 scripturam
1495 2780 1912 2869 suppeditent
1956 2780 2291 2848 meliorem
2335 2780 2562 2848 codice
2596 2779 2759 2846 Pari-

511 2890 675 2976 sino,
723 2910 913 2975 quem
961 2890 1207 2975 aliquot
1255 2889 1415 2958 locis
1464 2891 1868 2977 (praesertim
1914 2889 1981 2956 in
2028 2889 2192 2957 libro
2233 2889 2454 2957 ultimo
2487 2911 2527 2956 a
2559 2888 2758 2956 scriba

692 3142 715 3185 ¹
752 3144 903 3202 Tam
943 3159 1130 3218 saepo
1168 3145 1250 3213 fit,
1306 3123 1376 3203 ut
1415 3143 1608 3202 verba
1648 3143 1922 3201 Zonaras
1957 3144 2218 3217 repetita
2256 3144 2526 3224 inlibris
2564 3156 2753 3198 recen·

514 3236 774 3294 tioribus
823 3236 1075 3294 consilio
1128 3235 1395 3308 quodam
1450 3224 1853 3308 expellantur,
1912 3239 1983 3291 ut
2029 3235 2175 3292 satis
2224 3235 2301 3291 sit
2346 3235 2567 3292 afferre
2604 3233 2750 3290 locos

513 3328 651 3386 hose
688 3327 836 3385 XIII
877 3326 1143 3396 1,22.27.
1182 3328 1233 3398 6,
1255 3326 1304 3384 5.
1345 3327 1469 3396 7,7.
1508 3325 1617 3384 XV
1656 3328 1704 3397 7,
1728 3327 1778 3384 7.
1821 3325 2012 3397 19‚13.
2051 3325 2190 3382 XVI
2233 3325 2390 3396 1‚31.
2429 3335 2446 3399 *g

697 3418 723 3459 ²
760 3420 927 3477 Inter
967 3435 1176 3476 omncs
1214 3418 1490 3476 zonarae
1530 3420 1714 3475 libros
1752 3433 1940 3475 manu
1979 3418 2253 3490 scriptos,
2293 3433 2446 3489 quos
2473 3418 2746 3478 novimus,

514 3527 652 3570 cum
691 3511 904 3569 codice
942 3510 994 3567 A
1036 3517 1280 3584 praeter
1318 3510 1748 3568 Monacenscm
1786 3509 1894 3566 3⁶25
1933 3508 2381 3582 quodammodo
2428 3500 2746 3581 comparari

513 3618 694 3677 posse
732 3603 894 3661 solos
914 3602 1277 3661 Vaticanum
1309 3602 1410 3659 136
1450 3608 1510 3659 ct
1537 3601 1938 3659 Mutinensem
1966 3600 2023 3656 11
2050 3601 2096 3659 F
2125 3599 2193 3657 12
2228 3602 2307 3668 (v.
2322 3600 2465 3673 Byz.
2478 3595 2740 3655 zeitschr

513 3695 547 3754 1.
588 3711 638 3754 c.
676 3712 732 3769 p.
753 3694 861 3752 228
880 3711 955 3752 ss.
996 3702 1055 3752 ct
1093 3711 1150 3768 p.
1177 3694 1305 3764 590)
1350 3694 1462 3750 etsi
1502 3709 1614 3750 nos
1655 3693 1767 3766 ipsi
1807 3692 2145 3763 docuimus,
2185 3697 2389 3748 tamon
2422 3704 2624 3761 nequo
2652 3683 2737 3742 va·

515 3788 782 3844 ticanum
813 3786 1085 3843 codicem
1115 3802 1192 3842 n(
1197 3800 1317 3857 quo
1344 3784 1747 3842 Mutinensem
1774 3784 1890 3840 rati
1918 3799 2128 3841 sumus
2156 3798 2289 3840 csso
2316 3777 2741 3839 excutiendum,

514 3879 660 3951 quia.
713 3882 771 3934 ct
810 3877 1072 3934 Parisini
1125 3877 1276 3933 fides
1344 3877 1613 3933 omnium
1670 3876 1963 3932 librorum
2013 3875 2200 3946 longo
2251 3873 2585 3930 certissIma
2632 3877 2745 3923 csse

518 3970 763 4026 videtur
813 3975 890 4040 ct,
941 3971 991 4025 si
1043 3969 1124 4025 ad
1164 3973 1458 4041 quattuor
1494 3967 1680 4025 libros
1718 3966 1941 4037 BCDE,
2000 3966 2104 4038 qui
2145 3970 2391 4038 praeter
2428 3960 2742 4019 Parisinum

515 4061 911 4134 comparandi
950 4065 1127 4137 crant
1165 4061 1245 4117 ad
1283 4058 1658 4117 noscendam
1693 4060 1992 4130 originem
2019 4058 2460 4129 scripturarum
2488 4044 2744 4110 editionis

516 4150 870 4219 Wolflanac,
923 4151 1044 4208 duo
1085 4152 1187 4207 alii
1228 4151 1470 4208 codices
1509 4149 1889 4218 accederent,
1939 4163 2143 4218 nequo
2182 4148 2511 4218 quicquam
2550 4139 2623 4197 ad
2656 4134 2747 4190 Zo-

515 4258 706 4300 narac
744 4242 937 4300 verba
974 4242 1356 4300 restituenda
1391 4241 1702 4299 videretur
1728 4240 1951 4309 afferri,
1992 4240 2141 4311 quin
2169 4253 2248 4295 ex
2276 4236 2586 4294 codicibus
2611 4236 2741 4299 qu0⁸

516 4334 779 4390 diximus
802 4339 1003 4408 posset
1028 4333 1320 4406 depromi,
1361 4338 1421 4389 ct
1448 4333 1999 4403 molcsapparatus
2026 4329 2219 4386 critici
2246 4328 2540 4384 evasisset
2564 4314 2744 4377 nimia·

1251 4605 2219 4912 Δέ-
