2870 4966
457 316 595 432 '114⁸
709 414 710 417 Ν
1058 321 1335 395 zoNAu.
1373 321 1577 392 m‘l‘r.
1612 322 1760 392 xm
1797 325 1886 408 24,
1922 321 2121 393 8-24,

461 512 816 602 ναξάμενος
831 464 839 532 ’Δ
860 511 1046 582 ἆετὸν
1091 514 1218 601 δρᾷ
1264 515 1861 606 διαπεπετασμέναις
1904 521 2037 591 ταῖς
2080 460 2336 606 πτέρυξι
2379 524 2713 592 κατασκιά-

457 618 643 696 ζοντα
699 616 810 688 τὸν
854 615 1236 706 Μαρκιανὸν
1290 618 1399 687 καὶ
1453 619 1563 688 τὸν
1613 620 1687 689 ἐκ
1741 626 1853 709 τῆς
1909 619 2174 710 ἡλιακῆς
2226 622 2477 698 ἀκτῖνος
2528 625 2712 712 dovae.

291 735 296 740 “
402 728 439 789 9
457 720 775 808 ρούμενον
803 721 1134 791 καύσωνα.
1212 721 1561 815 θαυμάσας
1591 722 1708 792 οὖν
1737 724 1945 811 ἠρέμα
1980 723 2276 804 διυπνίζει
2304 724 2414 794 τὸν
2444 726 2715 816 ἀδελφὸν

223 882 228 887 ,
329 834 439 891 ·10
455 824 563 892 καὶ
619 824 692 892 τὸ
745 824 967 892 καινὸν
1025 824 1454 894 ὑποδείκνυσι·
1519 828 1813 902 κάκεῖνος
1869 825 1986 894 οὖν
2042 828 2496 918 ἔξεπέπληκτο.-
2575 833 2709 902 ἔδο-
2753 892 2757 899 .

374 969 383 977 ·
457 926 649 1016 ξάτην
694 927 812 997 οὖν
855 928 965 997 καὶ
1009 926 1216 1015 ἄμφω
1261 929 1355 998 τὼ
1401 930 1596 1016 ἄνδρε
1639 930 1955 1017 βασιλείας
2000 930 2152 999 εἶναι
2206 933 2592 1021 σημαντικὸν
2643 937 2756 1007 uit

363 1041 431 1101 11
454 1030 581 1100 ὑπὸ
644 1038 758 1100 τοῦ
822 1032 1009 1101 ἀετοῦ
1064 1032 1324 1119 γεγονὸς
1377 1035 1467 1109 είς
1521 1026 1925 1122 Μαρκιανόν,
1996 1034 2104 1104 καὶ
2170 1035 2544 1125 διεγερθέντι
2604 1048 2708 1111 τοῦ

451 1136 656 1203 ὕπνου
702 1137 882 1223 αὐτῷ
939 1138 1052 1224 τὴν
1106 1138 1424 1225 βασιλείαν
1486 1139 2120 1226 προκαταγγέλλουσι,
2185 1142 2292 1207 καὶ
2353 1146 2708 1230 μεμνῆσθαι

453 1240 676 1307 αὐτῶν
712 1241 992 1317 ἀξιοῦσιν
1037 1241 1139 1307 ὅτε
1183 1242 1455 1318 τεύξεται
1500 1249 1611 1329 τῆς
1656 1243 1888 1329 ἀρχῆς·
1937 1243 2044 1310 καὶ
2088 1244 2301 1317 δόντες
2331 1246 2509 1330 αὐτῷ
2538 1250 2705 1333 νομί-

362 1355 433 1413 12
452 1368 658 1430 σματα
708 1344 997 1411 διακόσια
1047 1346 1292 1412 ἀπιέναι
1339 1346 1618 1433 ἀφῆκαν.
1711 1345 1900 1419 αὖθις
1946 1346 2062 1413 οὗν
2094 1345 2209 1414 σὺν
2225 1338 2497 1434 Ἄσπαρι
2528 1374 2704 1436 στρα-

449 1449 788 1534 τευόμενος
818 1450 981 1517 κατὰ
1014 1450 1412 1537 Οὐανδήλων
1454 1450 1736 1535 πόλεμον
1782 1451 2106 1536 ἀραμένῳ,
2154 1452 2557 1537 αἰχμάλωτος
2600 1455 2766 1523 σὺνῙ)
2785 1470 2854 1527 111:

380 1563 430 1621 B
451 1554 686 1639 ἑτέροις
735 1554 1040 1627 πλείστοις
1093 1554 1424 1638 ἑαλωκώς,
1492 1555 1560 1619 ἐν
1616 1554 1779 1641 αὐλῇ
1833 1580 1944 1621 τινι
1988 1554 2145 1641 μετὰ
2191 1560 2321 1620 τῶν
2366 1580 2704 1643 συναιχμα-

361 1670 433 1726 13
450 1658 675 1725 λώτων
727 1657 1157 1745 πεφρούρητο.
1250 1658 1511 1724 ἅνω-θεν
1568 1658 1637 1723 δὲ
1694 1658 1733 1724 ὁ
1789 1664 1919 1723 τῶν
1973 1658 2371 1746 Οὒανδήλων
2434 1661 2705 1747 ἀρχηγὸς

362 1773 432 1829 14
450 1761 799 1848 προκύψας
846 1761 1176 1829 ἐπεσκόπει
1220 1760 1369 1834 τοὺς
1413 1762 1878 1848 αἰχμαλώτους,
1926 1763 2034 1829 καὶ
2080 1764 2206 1849 δρᾷ
2251 1764 2542 1837 κάκεῖνος
2577 1791 2724 1836 κοι-,

448 1866 755 1951 μώμενον
799 1865 909 1934 τὸν
953 1865 1355 1951 Μαρκιανόν,
1420 1867 1530 1954 καὶ
1575 1865 1758 1933 ἀετὸν
1803 1867 2062 1933 ἄνωθεν
2107 1868 2302 1934 αὐτοῦ
2351 1868 2703 1956 διηρμέναις

359 1982 432 2039 15
448 1975 581 2042 ταῖς
623 1971 877 2056 πτέρυξι
924 1969 1106 2036 σκιὰν
1151 1971 1331 2055 αὐτῷ’
1376 1970 1824 2056 ἐργαζόμενον.
1916 1971 2210 2044 κάκεῖνος
2237 1973 2445 2038 τοίνυν
2475 1975 2562 2045 εἷς
2588 1976 2699 2060 βα·
2717 1989 2770 2046 15

447 2074 675 2140 σιλείαν
726 2075 939 2141 τείνειν
991 2073 1063 2140 τὸ
1119 2074 1335 2160 ὅραμα
1392 2075 1728 2142 οἶωνίσατο
1790 2076 1899 2141 καὶ
1960 2076 2539 2162 μεταπεμψάμενος
2600 2077 2699 2146 τὸν

449 2177 832 2264 Μαρκιανὸν
878 2168 1195 2265 ἀπῄτησεν
1240 2178 1454 2264 αὐτόν,
1476 2178 1479 2183 ’
1502 2180 1561 2246 εί
1598 2179 1999 2265 βασιλεύσειε,
2043 2178 2135 2266 μὴ
2172 2180 2467 2265 πολεμεῖν
2499 2180 2696 2247 osav-

210 2294 314 2356 16.
356 2294 427 2355 17
447 2279 687 2367 δήλοις·
735 2286 847 2349 τοῦ
896 2281 967 2349 δὲ
1013 2282 1408 2369 συνθεμένου
1456 2282 1764 2351 ἀπέλυσεν
1809 2281 2002 2352 αὐτὸν
2037 2290 2149 2372 τῆς
2179 2284 2445 2371 εΐρκτῆς.
2537 2285 2696 2351 οὕτω

441 2384 563 2472 μὲν
608 2381 725 2453 οὖν
766 2384 910 2474 πρὸ
942 2391 1202 2475 μακροῦ
1248 2386 1361 2475 τὴν
1395 2386 1713 2475 βασιλείαν
1753 2387 1931 2475 αὐτῷ
1959 2388 2423 2476 προεσήμαινεν
2454 2386 2492 2454 ὖ
2525 2387 2694 2463 θεός·

350 2505 426 2565 18
441 2489 580 2558 τότε
626 2486 684 2558 δ’
733 2493 820 2566 είς
866 2492 1055 2580 ἔργον
1101 2492 1485 2581 ἑκβεβήκασι
1531 2490 1605 2559 τὰ
1651 2492 2232 2581 προσημαινόμενα.
2266 2486 2270 2492 ’
2324 2491 2431 2561 καὶ
2485 2493 2693 2561 αὐτίκα
2709 2504 2766 2565 20

437 2725 439 2727 ’
551 2724 588 2784 2
623 2725 1034 2800 ἀφαιρούμενον,
1058 2726 1180 2798 ΑΕ,
1237 2727 1531 2786 κολούοντα
1568 2725 1637 2798 B,
1693 2727 1974 2786 κωλύοντα
2011 2726 2137 2801 Rw,
2193 2726 2485 2786 κωλύονπα
2523 2725 2595 2801 p*

552 2800 588 2857 3
625 2800 864 2865 διύπνιζε
902 2801 950 2857 Ε
1131 2801 1168 2858 8
1204 2800 1403 2873 αὐτῶν]
1443 2801 1604 2859 αὐτὸν
1643 2800 1748 2860 CD
1916 2802 1967 2859 8.
2001 2802 2043 2894 J}
2080 2802 2389 2863 διακοσίους
2423 2802 2692 2894 ζρυσίνους

552 2870 712 2931 CDw
759 2915 771 2942 ,
812 2872 1150 2945 τριακοσίους
1174 2875 1460 2946 χρυσίνους
1485 2874 1534 2930 Β
1627 2899 1631 2905 ·
1664 2876 1699 2930 9
1736 2873 1832 2931 οὖν
1851 2871 1921 2944 Α,
1961 2875 2021 2930 δε
2039 2874 2190 2947 pr
2322 2875 2390 2931 10
2425 2894 2692 2945 coaptemur

550 2944 674 3016 ΕΝ,
737 2948 1051 3003 nsorentes
1097 2947 1200 3005 H'o
1239 2948 1340 3003 lat.
1528 2945 1597 3003 12
1632 2947 1822 3019 ἅρχων
1859 2947 1908 3003 E
2092 2948 2159 3003 13
2193 2948 2519 3018 προκύπτων
2556 2945 2690 3018 pr

553 3018 622 3075 14
657 3018 822 3076 αὐτοῦ
862 3024 976 3077 oin.
1003 3020 1151 3092 pr
1301 3019 1369 3076 15
1407 3019 1662 3076 κάκεῖνον
1685 3020 1731 3076 1⁴2
1861 3020 1927 3076 16
1966 3020 2146 3076 τείνειν
2186 3037 2299 3077 om.
2323 3020 2377 3076 D
2509 3020 2574 3075 18
2608 3026 2690 3073 τοῦ
2761 3068 2765 3075 .

431 3130 436 3136 ι
552 3090 613 3148 δὲ
648 3092 978 3165 συνθεμένου
1015 3091 1138 3162 ΑΕ,
1178 3091 1270 3150 καὶ
1307 3094 1632 3165 συνθέμενον
1671 3093 1818 3166 pr
1967 3092 2034 3149 19
2077 3092 2222 3148 αὐτῶ
2261 3097 2398 3166 post
2434 3091 2530 3148 οὖν
2570 3092 2612 3148 E

439 3326 653 3370 somno
701 3326 851 3371 vcro
900 3327 1051 3386 prae
1100 3313 1320 3371 ceteris
1363 3312 1668 3370 Tatianus
1718 3311 2022 3369 excitatus
2068 3309 2336 3383 aquilam
2388 3310 2556 3368 videt
2601 3323 2690 3366 cx-

383 3460 421 3519 9
441 3386 650 3515 35:30⁸ssss
697 3385 1136 3517 ”iiah'ffi'ifflin
1156 3384 2689 3532 igiiiff'ixiiaerMgzsszi‘ngsszae⁰}12„22¹2‚5¹‘2‘i¹¹22;;

341 3534 421 3594 10
440 3547 670 3589 novam
709 3532 991 3602 ostendit,
1045 3533 1131 3588 ita
1168 3539 1236 3589 ut
1276 3532 1375 3589 ille
1455 3546 1662 3605 uoque
1700 3536 1935 3588 terrore
1975 3534 2416 3603 percuteretur.
2491 3529 2689 3600 Itaque

438 3610 702 3678 uterquc
739 3609 910 3662 ratus
947 3605 1038 3676 iis,
1091 3619 1252 3677 quae
1291 3606 1433 3676 aqui
1462 3620 1499 3659 a
1538 3605 1779 3661 fecisset
1816 3601 2147 3674 Marciano,
2203 3602 2483 3675 portendi
2523 3603 2687 3672 impe·

345 3682 418 3739 11
440 3678 615 3747 rium,
654 3678 1095 3750 praenuntiant
1145 3679 1201 3734 ei
1239 3692 1273 3735 e
1311 3693 1525 3734 somno
1572 3678 1840 3734 excitato
1880 3692 2141 3749 regnum
2181 3682 2241 3733 ct
2289 3679 2578 3748 petentes,
2627 3677 2688 3728 ut

441 3751 534 3807 sui
573 3766 806 3808 memor
844 3755 1005 3807 essct
1039 3765 1244 3807 rerum
1290 3752 1537 3824 potitus,
1578 3750 1737 3806 datis
1773 3751 1974 3810 numis
2010 3749 2289 3805 ducentis
2327 3749 2685 3804 dimiserunt.

347 3827 421 3885 12
443 3822 662 3881 Denuo
703 3839 839 3880 cum
892 3824 1007 3879 sub
1046 3822 1284 3895 Aspare
1326 3822 1617 3880 Vandalis
1654 3822 1879 3879 bellum
1927 3823 2230 3878 inserente
2291 3826 2507 3894 captus
2562 3832 2684 3875 cum

440 3895 575 3953 aliis
632 3896 905 3970 plurimis
962 3897 1025 3953 in
1082 3896 1225 3952 aula
1284 3895 1551 3968 quadam
1600 3910 1738 3952 cum
1786 3896 1921 3952 aliis
1968 3896 2227 3968 captivis
2274 3893 2682 3960 custodiretur,

346 3973 420 4030 13
441 3970 623 4026 etiam
644 3969 1059 4027 Vandaiorum
1089 3969 1217 4026 dux
1246 3968 1511 4042 desuper
1537 3984 1603 4025 se
1630 3967 1953 4025 demittens
1980 3984 2053 4023 ca
2099 3968 2381 4040 tivosque
2419 3968 2683 4038 spectans

347 4046 419 4104 14
443 4042 609 4098 videt
636 4042 902 4115 aquiiam
932 4042 1197 4100 diductis
1224 4043 1335 4098 alis
1361 4042 1643 4098 umbram
1670 4041 1994 4099 facientem
2023 4040 2055 4095 li
2082 4040 2332 4097 urciano
2361 4035 2682 4095 dormienti.

346 4113 546 4176 151110
586 4116 773 4187 igitur
812 4115 891 4171 ad
929 4131 1187 4188 reg-num
1228 4115 1537 4188 pertinere
1576 4114 1908 4185 augurium
1943 4114 2298 4186 auspicatus
2324 4110 2682 4168 Marcianum

343 4192 417 4250 16
439 4189 758 4244 arcessivit
796 4195 857 4245 et
896 4204 1034 4245 cum
1075 4194 1291 4261 pactus
1329 4194 1507 4256 esset,
1548 4203 1628 4243 ne
1666 4187 1764 4242 ille
1803 4203 1912 4243 rex
1954 4189 2155 4242 factus
2193 4186 2417 4242 bellum
2454 4183 2682 4255 gereret

342 4265 417 4324 17
439 4274 578 4318 eum
616 4260 921 4333 Vandalis,
980 4277 1015 4318 e
1041 4260 1333 4318 custodia
1372 4259 1614 4316 dimisit.
1687 4258 1781 4316 Ita
1827 4260 2018 4331 igitur
2066 4264 2210 4315 ante
2256 4258 2511 4314 multum
2555 4259 2682 4311 tcm-

436 4333 607 4409 poris
661 4349 856 4406 regno
916 4334 1209 4392 divinitus
1255 4333 1707 4407 praenuntiato,
1766 4336 1894 4390 tum
1950 4332 2217 4405 auguria
2263 4348 2331 4388 re
2379 4332 2510 4404 ipsa
2554 4325 2684 4383 sunt

338 4410 417 4474 18
437 4407 853 4487 comprobata.
928 4405 1131 4483 Atque
1169 4408 1373 4468 statim
1411 4407 1717 4467 arcessitis
1757 4406 2051 4465 fratribus
2090 4405 2447 4481 hospitibus,
2486 4394 2681 4489 qui-dc
