2870 4966
526 291 635 355 222
1135 291 1409 382 zonas.
1450 293 1648 359 mar.
1685 294 1825 359 xiv
1861 297 1948 375 20,
1986 294 2183 362 2-16,

526 505 782 554 σταντος
826 483 1018 549 υἱέων
1060 483 1486 569 πρεσβύτερος
1531 484 1569 549 ό
1614 482 2032 570 Πωγωνάτος
2074 486 2350 573 κληθείς,
2414 490 2488 563 ὃς
2531 493 2635 559 καὶ
2671 508 2752 586 τῷ

524 591 635 671 τῆς
663 584 977 670 βασιλείας
1005 586 1364 672 κεκόσμητο
1397 588 1752 673 διαδήματι,
1801 589 2093 674 στεφθεὶς
2135 590 2312 675 παρὰ
2359 598 2471 659 τοῦ
2514 602 2750 689 πατρός,

522 688 680 773 μετὰ
713 688 937 755 στόλου
966 690 1247 774 μεγάλου
1277 690 1390 776 τὴν
1418 690 1714 756 Σικελίαν
1742 692 2047 777 κατέλαβε
2087 694 2194 760 καὶ
2240 694 2349 759 τόν
2391 719 2456 760 τε
2485 695 2752 777 Μιζίζιον

526 791 996 877 χειρωσάμενος
1039 792 1239 857 ἀνεῖλε
1283 793 1392 859 καὶ
1430 793 1578 865 τοὺς
1607 795 1716 859 τὸν
1746 794 1949 879 φόνον
1978 799 2568 881 κατεργασαμένους
2596 801 2751 891 αὗτῴ

516 891 637 959 ’τοῦ
680 892 921 977 πατρὸς
964 894 1074 960 καὶ
1116 894 1282 978 πρὸς
1324 903 1454 968 τοῖς
1483 896 1692 968 ἄλλοις
1722 896 1830 962 καὶ
1858 897 1967 962 τὸν
1998 899 2325 983 πατρίκιον
2346 899 2790 980 ’Ῑουστινιανόνὸ

472 995 633 1062 Βτόν
671 999 911 1079 πατέρα
947 996 983 1062 I
996 996 1281 1084 ἐρμανοῦ
1327 1004 1439 1063 τοῦ
1483 999 1902 1083 πατριάρχου·
1952 1000 2144 1066 αὐτὸν
2174 995 2260 1067 Ιδὲ
2303 1001 2413 1067 τὸν
2449 1002 2508 1067 Γ
2500 1010 2752 1089 ερμανὸν

526 1101 822 1186 ἔκτομίαν
853 1101 1160 1186 ἐποίησεν,
1208 1101 1332 1187 ἤδη
1363 1098 1783 1187 παρηβηκότα
1815 1102 1923 1168 καὶ
1963 1103 2442 1189 ὑπερβεβηκότα
2487 1107 2597 1192 τὴν
2638 1112 2749 1195 ἠλι.

472 1204 690 1287 4κίαν,
754 1200 910 1269 καθ’
959 1206 1039 1289 ἢν
1084 1205 1558 1289 εὐνουχίζεσῦαι
1605 1205 2065 1290 δεδοκίμασται.
2155 1207 2527 1293 λειοπώγων
2572 1208 2626 1276 δ’
2670 1217 2751 1282 ὢν

461 1312 507 1372 C
526 1307 617 1373 ὅτ’
664 1308 1071 1393 ἀπεδήμησεν
1124 1305 1309 1380 οὗτος
1355 1308 1393 1373 ὁ
1437 1308 1746 1394 βασιλεύς,
1811 1309 2169 1395 ἑκδικήσων
2231 1310 2340 1376 τὸν
2402 1312 2603 1397 φόνον
2659 1317 2750 1383 τὸν

524 1417 636 1476 τοῦ
699 1411 960 1495 πατρός,
1023 1412 1406 1495 καθειμένον
1470 1413 1640 1496 ἔχων
1696 1413 1967 1498 ἐπανῆγε
2023 1412 2130 1478 τὸν
2173 1415 2488 1499 πώγωνα’
2555 1417 2647 1483 διὸ
2694 1422 2751 1497 ἐξ
2767 1435 2813 1491 10

527 1513 768 1579 ἐκείνου
814 1512 1232 1598 ΙΙωγωνάτος
1274 1513 1450 1599 παρὰ
1496 1518 1625 1579 τῶν
1668 1514 1942 1581 πολιτῶν
1986 1516 2379 1602 ἐπεκέκλητο.

472 1624 509 1681 ὅ
541 1672 545 1676 .
715 1616 796 1687 Οἱ
841 1617 910 1682 δὲ
954 1624 1065 1713 τοῦ
1111 1618 1392 1702 θέματος
1435 1623 1566 1683 τῶν
1611 1617 2000 1685 ἀνατολικῶν
2044 1621 2131 1693 εἰς
2175 1619 2582 1706 Χρυσόπολιν
2623 1625 2854 1711 ἀφι-ΒΙΠ

527 1721 785 1808 κόμενοι
833 1720 1043 1807 ἐβόων
1090 1721 1216 1787 δεῖν
1260 1723 1368 1787 καὶ
1413 1722 1561 1794 τοὺς
1605 1720 1863 1794 λοιποὺς
1909 1722 2028 1788 δύο
2063 1724 2410 1808 συγγόνους
2438 1733 2549 1791 τοῦ
2580 1729 2748 1795 Κων·

527 1826 846 1892 σταντίνου
879 1825 1246 1910 στεφθῆναι,
1293 1826 1573 1911 λέγοντες
1604 1826 1695 1891 ὅτι
1725 1825 1989 1911 “ὥσπερ
2021 1828 2107 1899 εἷς
2137 1829 2356 1910 τριάδα
2387 1830 2748 1917 πιστεύομεν,

472 1938 509 1995 6
528 1932 735 2002 οὕτως
778 1929 887 1995 καὶ
929 1927 1105 2013 παρὰ
1135 1935 1265 1994 τῶν
1294 1935 1487 2015 τριῶν
1518 1931 1686 2015 ἡμᾶς
1715 1929 1927 2015 χρεὼν
1956 1931 2465 2015 βασιλεύεσθαι.”
2551 1935 2588 2000 ὁ
2618 1942 2749 2020 γοῦν
2764 1951 2808 2005 15

526 2034 1003 2106 Κωνσταντΐνος
1047 2035 1284 2106 στείλας
1327 2034 1492 2118 πρὸς
1536 2034 1767 2106 αὐτοὺς
1810 2035 2095 2119 πληροῦν
2139 2034 2251 2121 τὴν
2296 2039 2531 2123 αἴτησιν
2563 2040 2750 2104 αὐτῶν

527 2139 932 2225 ἐπηγγέλλετο
977 2135 1086 2202 καὶ
1129 2136 1276 2209 τοὺς
1320 2144 1431 2202 τοῖ·
1478 2137 1637 2202 λαοῦ
1681 2139 2192 2223 προεξάρχοντας
2235 2141 2637 2223 μετεκαλεῒτο,
2686 2139 2746 2207 ἵν’

473 2250 509 2307 7
528 2243 742 2308 αὐτῶν
788 2242 1061 2307 ἐνώπιον
1104 2243 1144 2328 ἡ
1191 2247 1322 2306 τῶν
1366 2242 1562 2306 αὐτοῦ
1610 2241 1909 2326 ἀδελφῶν
1948 2243 2291 2329 ἀνάρρησις
2322 2245 2582 2330 γένηται.
2667 2247 2748 2311 ε’λ·

525 2345 762 2419 ὓόντας
808 2342 865 2412 δ’
913 2348 1001 2418 εἷς
1043 2344 1116 2410 τὸ
1163 2345 1511 2421 Βυζάντιον
1564 2346 1797 2411 ἀνεῖλεν
1852 2346 1947 2418 ὡς
2000 2348 2361 2420 στασιώδεις
2415 2349 2663 2422 αὐτούς·
2717 2351 2747 2416 ὃ

526 2546 563 2602 8
598 2535 726 2601 ὅθεν
757 2544 964 2618 ἐκλήθη
1004 2543 1346 2615 Πωγωνάτος
1384 2543 1433 2600 Ε
1474 2597 1485 2628 ,Ἴ

638 2728 665 2783 1
707 2721 845 2799 post
882 2727 1043 2783 υἱέων
1080 2725 1218 2782 add.
1258 2726 1291 2780 ό
1323 2725 1471 2799 Bwp
1711 2725 2084 2800 πρεσβύτερος]
2125 2727 2219 2784 De
2258 2730 2666 2800 comparativo
2699 2744 2744 2784 v.

636 2800 717 2855 ad
753 2799 900 2855 XIII
938 2801 990 2865 3,
1028 2800 1063 2856 6
1204 2800 1533 2869 πωγωνάτος
1569 2796 1694 2869 AR,
1730 2799 2006 2870 πωγνάτος
2043 2800 2150 2869 w*,
2188 2802 2502 2862 ΠΩΓΟΝΑ
2516 2803 2656 2858 ΤΟΣ
2670 2800 2743 2873 p*

634 2874 669 2929 3
691 2875 919 2943 μιξίζιον
941 2872 996 2927 D
1139 2870 1176 2926 4
1199 2870 1346 2942 αὐτῷ
1367 2869 1491 2941 AR,
1520 2870 1680 2928 αὐτοῦ’
1704 2871 1850 2943 αὐτῷ
1879 2871 1981 2942 w*,
2007 2873 2170 2929 αὐτοῦ
2192 2874 2264 2947 p*
2407 2876 2441 2930 6
2468 2875 2526 2930 δὲ
2551 2874 2743 2945 Alslwp,

634 2945 689 3002 τὲ
727 2946 776 3003 Ο
952 2945 987 3000 9
1023 2944 1112 3000 τὸν
1149 2944 1407 2999 alterum
1453 2960 1568 3000 om.
1610 2942 1666 2999 D
1850 2945 1918 2999 10
1954 2947 2096 3016 ἔχων
2130 2945 2359 3018 ἐπανῆγε
2393 2946 2446 3003 A
2486 2948 2744 3017 (ἐπανῆλθε

635 3017 707 3075 G.
745 3017 819 3075 M.
860 3034 917 3090 p.
955 3019 1078 3089 605,
1117 3018 1168 3086 4,
1208 3015 1520 3073 ἐπανελθὼν
1555 3015 1624 3073 L.
1664 3015 1736 3073 G.
1775 3033 1831 3089 p.
1875 3017 1992 3088 159,
2030 3018 2134 3086 13),
2173 3021 2314 3090 ἔχων
2347 3020 2577 3090 ἐπανῆκε
2613 3016 2743 3086 ΙίΒὶ,

635 3092 776 3162 εἶχεν
805 3091 1092 3161 ἐπανήκων
1115 3089 1245 3162 w*p
1396 3090 1463 3144 15
1489 3091 1660 3151 οὕτως
1686 3088 1806 3157 ΑΟ,
1840 3091 1981 3145 οὕτω
2013 3090 2260 3163 EwpDi,
2288 3108 2345 3147 V.
2368 3093 2446 3149 ad
2467 3092 2605 3147 XIII
2626 3093 2671 3160 (ἰ,
2692 3091 2744 3145 16

707 3165 847 3236 ἡμᾶς
882 3162 1062 3235 χρεὼν
1100 3163 1413 3234 ΑῙὶῑήμεῖς
1449 3162 1628 3233 χρεὼν
1661 3162 1734 3232 D,
1770 3161 1949 3232 χρεὼν
1988 3162 2143 3234 ἡμᾶς·
2168 3164 2313 3235 Ewp
2517 3165 2579 3221 17
2613 3164 2744 3233 ἕπηγ·

633 3237 918 3367 γῗέλατιίςθ
1095 3238 1163 3292 18
1198 3236 1376 3293 αὐτῶν
1413 3233 1667 3308 Rwlsz‘,
1704 3234 1862 3291 αὐτὸν
1899 3236 1954 3290 A
2127 3236 2192 3292 19
2229 3238 2305 3297 ὡς
2342 3237 2643 3297 στασιώδεις
2674 3236 2744 3290 ἀν·

633 3332 660 3366 ε
713 3331 768 3367 εν

524 3509 737 3552 necem
758 3492 1086 3564 ulciscitur,
1126 3507 1263 3549 cum
1302 3491 1435 3549 aliis
1457 3495 1584 3548 tum
1626 3491 1877 3563 patricio
1899 3489 2253 3563 Iustiniano,
2293 3499 2465 3565 patre
2487 3488 2743 3550 Germani

471 3566 507 3623 8
527 3567 930 3641 patriarchae,
957 3566 1304 3636 interl'ect03
1337 3565 1450 3621 'sed
1473 3565 1668 3637 Ipsum
1690 3562 2061 3621 Germanum
2082 3567 2200 3622 iam
2221 3566 2558 3637 pubertatis
2577 3575 2745 3619 annos

526 3645 587 3697 et
624 3656 758 3696 eam
798 3646 1077 3708 aetatem,
1127 3653 1250 3709 qua
1289 3638 1543 3693 castrari
1582 3638 1792 3705 solent,
1850 3654 2163 3709 egressum
2206 3639 2550 3694 eunuchum
2605 3635 2744 3692 facit.

470 3712 682 3781 4Quia
721 3728 869 3769 vero
908 3713 1006 3768 hic
1043 3727 1153 3767 rex
1193 3710 1274 3767 ad
1311 3726 1523 3767 necem
1564 3710 1752 3782 patris
1782 3711 2191 3767 ulciscendam
2212 3713 2525 3783 profectus
2559 3715 2744 3764 tenera

525 3786 727 3842 adhuc
764 3786 1059 3857 lanugine
1096 3786 1299 3840 fuerat
1337 3783 1444 3840 sed
1466 3784 1762 3854 promissa
1781 3783 1976 3839 barba
1996 3784 2277 3854 redierat,
2320 3784 2432 3839 hae
2470 3783 2544 3838 de
2582 3792 2744 3837 causa

525 3858 828 3930 Pogonati
867 3872 1210 3929 cognomen
1247 3857 1390 3912 iude
1429 3856 1667 3927 aceepit
1705 3871 1740 3911 a
1780 3857 2035 3913 civibus.

470 3929 506 3986 5
706 3930 986 3987 Ceti-‚rum
1028 3930 1133 4002 qui
1173 3945 1248 3985 ex
1273 3928 1674 3987 *Orientalium
1704 3929 1965 3985 themate
1988 3934 2163 3985 erant
2185 3927 2597 3999 Chrysopolim
2635 3937 2744 3995 pro·

526 4003 668 4059 fecti
710 4004 1212 4059 vociferabantur
1251 4001 1405 4057 duos
1455 4006 1690 4056 eeteros
1729 3999 2107 4058 Constantini
2164 4004 2384 4056 fratres
2431 3999 2744 4055 diademate

527 4091 658 4132 esse
698 4076 1022 4145 ornandos),
1062 4076 1368 4131 dicentes:
1403 4072 1620 4130 “Sicut
1658 4074 1719 4128 in
1760 4075 2087 4130 trinitatem
2109 4073 2428 4143 credimus,
2467 4074 2550 4127 ita
2587 4070 2743 4125 etiam
2781 4130 2787 4135 .

470 4148 993 4218 (iti-ibusregibus
1029 4164 1141 4203 uos
1182 4162 1399 4219 parcre
1421 4161 1687 4216 aequum
1726 4152 1817 4201 est
1832 4145 1879 4200 ”.
1954 4144 2389 4202 Constant-inus
2408 4159 2554 4200 vero
2576 4138 2744 4196 missis

431 4259 434 4264 ·
528 4221 745 4290 legatis
783 4236 848 4276 se
887 4220 1206 4291 postulatis
1245 4235 1457 4274 eorum
1497 4233 1771 4272 annuere
1820 4219 2139 4288 pollicitus„
2197 4219 2405 4289 populi
2468 4214 2743 4336 prineisses

472 4292 859 4360 7arcessivit,
898 4298 967 4348 ut
993 4308 1199 4348 eoram
1237 4291 1349 4347 illis
1387 4293 1644 4346 fratrum
1671 4291 2067 4361 proclamatio
2106 4291 2294 4347 fieret.
2369 4288 2490 4346 Sed
2528 4302 2627 4344 eos
2677 4296 2743 4368 ,y‘

525 4365 794 4421 zantium
833 4366 1138 4436 profectos
1195 4379 1306 4437 pro
1359 4363 1661 4419 seditiosis
1718 4363 2045 4435 iutcrl'ecit3
2104 4379 2225 4435 quo
2284 4362 2467 4419 ceteri
2525 4359 2742 4429 cognito
