2870 4966
380 257 631 321 cYRvs
667 256 1094 322 EPAncHVS.
1166 257 1627 324 FLAVIANVS.
1699 259 2125 326 RVTYCHES.
2281 259 2384 325 10¹1

335 445 467 516 Τοῦ
518 445 911 535 πατριάρχου
968 445 1039 515 δὲ
1084 444 1392 535 Πρόκλου
1449 447 1758 526 θανόντος
1806 447 1963 540 μετὰ
2019 433 2385 520 δωδέκατον
2401 438 2491 513 28

148 554 282 627 ἔτος
344 553 414 629 ἐξ
475 550 625 619 ὅτου
691 553 963 640 προέστη
1026 556 1139 620 τοῦ
1196 552 1265 620 ἕν
1309 553 1961 624 Κωνσταντινουπόλει
2019 554 2384 642 δρῦοδόξου

16 671 128 733 [241
148 659 323 742 λαοῦ,
371 657 411 723 ό
440 656 616 731 θεῖος
653 655 1009 743 Φλαβιανδς
1039 658 1126 730 εἰς
1160 655 1269 723 τὸν
1314 657 1554 725 ἐκείνου
1599 657 1842 745 θρόνον
1885 659 2382 746 ἱγκαθιδρύεται.

150 764 249 830 ὅτε
304 760 412 827 καὶ
466 760 503 827 ὃ
547 760 842 848 Εὔτυχὴς
895 761 1381 849 ἀρχιμανδρίτης
1435 764 1531 831 ὢν
1584 760 1948 857 ἱδογμᾶτιζε
2000 764 2110 831 τὸν
2160 764 2383 851 κύριον
2402 766 2439 825 2

100 869 335 954 δῆμῶν
369 862 617 950 Ἰησοῦν
667 864 945 949 Χριστὸν
997 865 1089 952 μὴ
1144 865 1255 939 τὰς
1310 866 1429 933 δύο
1483 868 1702 954 φύσεις
1752 875 2014 957 τηρῆσαι
2064 866 2220 954 μετὰ
2274 865 2387 954 τὴν

150 970 648 1056 ἔνανθρώπηοιν,
695 968 826 1037 ἀλλ’
860 972 947 1044 εἰς
973 971 1126 1056 μίαν
1155 971 1344 1058 φύσιν
1374 972 1578 1058 ἄμφω
1610 973 2047 1060 συγκραθῆναι
2076 971 2184 1039 καὶ
2223 992 2383 1056 συμ-
2402 970 2452 1033 13

149 1075 489 1163 φυρθῆναι.
556 1080 776 1140 τοῦτον
809 1074 1212 1160 ἀδιόρθωτον
1238 1077 1506 1161 μένοντα
1539 1076 1577 1142 ὁ
1606 1075 1971 1163 Φλαβιανδς
2000 1082 2110 1143 τοῦ
2141 1082 2250 1164 τῆς
2280 1076 2384 1143 ἐκ·
2402 1080 2440 1137 8

149 1179 404 1266 κλησίας
434 1179 702 1264 ἐξέκοψε
732 1180 1049 1265 σώματος,
1096 1182 1194 1245 ἵνα
1231 1180 1323 1267 μὴ
1370 1187 1480 1268 τῆς
1523 1179 1728 1268 λύμης
1771 1180 1878 1248 καὶ
1920 1188 2015 1267 τῷ
2058 1180 2387 1267 ὑγιαίνοντι

148 1284 420 1373 μεταδῷ.
465 1283 781 1368 πρόσεισιν
811 1282 927 1350 οὖν
957 1284 994 1350 δ
1029 1283 1317 1372 Εὗτυχὴς
1339 1283 1705 1372 Χρυσαφίῳ
1734 1293 1828 1371 τῷ
1858 1284 2115 1372 ἔκτομίᾳ
2144 1283 2441 1373 epodo-4

74 1400 136 1458 10
152 1394 353 1466 ξοῦντι
383 1388 560 1474 αὐτῷ
582 1388 690 1455 καὶ
711 1389 959 1455 πλεῖστα
986 1389 1322 1475 δυναμένῳ
1344 1388 1519 1474 παρὰ
1544 1397 1636 1475 τῷ
1658 1390 1920 1476 βασιλεῖ·
1954 1389 2062 1457 καὶ
2090 1390 2163 1465 ὃς
2183 1388 2386 1456 πείθει
2405 1393 2467 1453 5·

150 1493 254 1560 τὸν
285 1490 628 1560 Θεοδόσιον
672 1493 997 1578 ἐπιτρέψαι
1041 1501 1134 1579 τῷ
1176 1492 1332 1579 μετὰ
1377 1493 1491 1580 τὴν
1535 1500 1646 1560 τοῦ
1692 1494 2039 1578 ἅγιωτάτου
2070 1493 2386 1578 Κυρίλλου

149 1597 515 1685 μετάστασιν
575 1603 684 1683 τῆς
731 1597 1198 1681 Ἀλεξανδρείας
1259 1595 1367 1663 τὸν
1429 1598 1672 1682 θρόνον
1733 1599 1998 1664 διέποντι
2052 1597 2387 1682 Διοσκόρῳ

149 1702 613 1787 παραγενέσθαι
643 1703 731 1774 εἷς
748 1700 1038 1787 Ἔφεσον
1071 1697 1221 1786 μεθ’
1270 1703 1505 1787 ἑτέρων
1551 1702 1914 1769 ἐπισκόπων
1958 1700 2064 1769 καὶ
2107 1700 2181 1767 τὰ
2226 1700 2387 1768 κατὰ

151 1807 255 1873 τὸν
307 1805 567 1892 Εὐτυχῆ
630 1807 958 1892 γυμνάσαι,
1021 1805 1334 1891 παρόντος
1396 1805 1505 1872 καὶ
1567 1812 1678 1872 τοῦ
1740 1806 2115 1892 Φλαβιανοῦ.
2205 1803 2442 1878 οὖτοςθ

77 1919 135 1977 15
153 1908 264 1977 οὖν
309 1910 347 1976 ὖ
379 1909 728 1995 Διόσκορος
757 1916 868 1976 τοῦ
902 1908 1230 1996 Εὐτυχοῦς
1274 1911 1605 1997 τυγχάνων
1649 1909 1968 1996 δμόδοξος
2011 1908 2117 1977 καὶ
2162 1909 2388 1983 ἄλλους

153 2014 529 2086 ἐπισκόπους
573 2013 1018 2101 προσειληφὼς
1062 2015 1528 2102 ὁμογνώμονας
1573 2017 1658 2088 εἷς
1675 2013 1963 2101 Ἔφεσον
1991 2014 2389 2099 παραγίνεται
2409 2012 2456 2075 C

153 2119 256 2184 καὶ
300 2124 495 2203 κυροῖ
530 2117 603 2184 τὰ
650 2117 823 2201 παρὰ
869 2124 980 2183 τοῦ
1012 2118 1342 2204 Εὖτυχοῢς
1386 2118 1775 2204 εἰσαγόμενα.
1866 2117 2282 2202 ἀντιλέγοντος
2318 2115 2387 2183 δὲ
2406 2118 2442 2178 Ί

153 2228 259 2288 τοῦ
316 2222 657 2306 ἱερωτάτου
710 2221 1090 2308 Φλαβιανο-ῦ,
1158 2223 1259 2289 οἷά
1322 2247 1411 2296 τις
1473 2224 1691 2309 ἄγριος
1747 2223 1896 2296 ὄνος
1947 2219 2295 2307 ἀναθορὼν
2347 2218 2386 2286 ὖ

156 2446 179 2502 l
219 2447 339 2518 περὶ
376 2453 468 2504 τοῦ
502 2446 828 2519 πατριάρχου
872 2449 1170 2521 Φλαβιανοῦ
1217 2448 1307 2504 καὶ
1352 2448 1472 2520 περὶ
1518 2448 1659 2519 (περὶ
1707 2464 1821 2505 om.
1861 2446 1930 2517 E)
1977 2445 2120 2505 Εὔτυ
2157 2453 2272 2515 οῦς,
2295 2451 2387 2503 τοῦ

151 2522 416 2589 αἷρετικοῦ
456 2518 552 2575 ΟΕ
761 2521 796 2576 9
831 2522 909 2575 ὅτι
947 2529 1024 2591 τῷ
1056 2520 1444 2591 Ἀλεξανδρείας
1482 2522 1762 2591 Διοσκόρῳ
1799 2520 2061 2592 ἐπετράπη
2170 2519 2387 2591 ζήτησις

152 2600 254 2648 τῶν
291 2600 382 2649 τοῦ
420 2591 695 2664 Εὐτυχοῦς
733 2592 1030 2664 δογμάτων,
1068 2593 1160 2649 καὶ
1196 2596 1293 2650 ὅσα
1329 2593 1528 2655 ἐκεῖνος
1562 2593 1803 2665 ἐποίησεν
1841 2591 1886 2651 O

251 2798 285 2855 4
323 2799 356 2852 ὅ
392 2814 507 2881 om..
546 2795 592 2852 B
792 2798 1203 2890 ἅνγιμανδρίτης
1241 2799 1288 2890 ῌ
1487 2799 1523 2856 9
1558 2798 1654 2855 οὖν
1693 2814 1807 2855 om.
1845 2796 1942 2856 ΒΟ
2133 2797 2198 2855 11
2237 2798 2388 2870 ἁγίου
2504 2813 2505 2816 ’

254 2869 495 2941 prDc
643 2868 712 2954 18
745 2891 877 2941 μετα
914 2871 962 2928 E
1111 2871 1176 2929 17
1213 2872 1274 2928 δε
1310 2870 1482 2929 initio
1523 2870 1789 2943 paginae
1824 2885 1938 2954 oin.
1979 2867 2025 2927 C

115 3140 137 3153 ,Α
323 3083 409 3141 23.
487 3083 701 3142 Proclo
736 3085 1312 3157 auteurpatriarcha
1339 3089 1598 3153 mortuo,
1635 3099 1772 3142 eum
1799 3083 1914 3141 x11
1941 3098 2136 3141 annos
2162 3081 2388 3157 populo

150 3151 462 3226 cpolitano
504 3156 844 3213 orthodoxo
884 3157 1264 3229 praefuisset,
1305 3156 1549 3213 divinus
1584 3156 1911 3212 Flavianus
1948 3155 2011 3212 in
2047 3154 2207 3212 illius
2243 3151 2388 3211 sede

149 3227 546 3283 constituitur.
621 3227 747 3285 Sub
798 3228 958 3284 idem
1010 3233 1248 3299 tempus
1299 3233 1360 3285 et
1410 3228 1715 3299 Eutyches
1761 3226 2009 3297 quidam
2055 3219 2445 3282 archimen-2

117 3295 305 3356 .drita
342 3297 602 3355 docebat
640 3299 837 3356 Iesum
873 3299 1192 3368 Christum,
1230 3298 1539 3355 dominum
1578 3304 1866 3368 nostrum,
1909 3312 2053 3353 suas
2094 3296 2249 3353 duas
2285 3309 2389 3353 na·

148 3372 311 3424 tui-as
357 3376 494 3442 post
541 3371 1021 3427 incarnatIOnem
1075 3387 1199 3426 non
1254 3386 1532 3426 servasse
1583 3368 1691 3426 sed
1746 3370 1810 3424 in
1865 3383 2050 3424 unam
2105 3372 2386 3424 naturam

148 3441 361 3497 ambas
397 3445 530 3498 esse
571 3444 914 3498 commistas
955 3447 1013 3498 et
1053 3444 1357 3498 confusas.
1430 3442 1626 3509 Hune,
1667 3456 1804 3498 eum
1843 3441 1921 3495 de
1957 3440 2257 3496 sententia
2287 3433 2443 3494 ‹le-3

150 3510 284 3567 duci
324 3530 444 3569 non
486 3515 800 3585 potuisset,
855 3513 1186 3569 Flavianus
1224 3513 1303 3569 ab
1341 3513 1634 3569 ecclesiae
1674 3512 1932 3567 abscidit
1980 3526 2250 3582 corpore,
2307 3524 2387 3565 ne

149 3582 244 3638 illa
281 3591 452 3655 peste
492 3593 553 3641 et
589 3600 739 3640 sana
777 3586 1050 3641 membra
1088 3586 1376 3640 inficeret.
1449 3584 1593 3640 Adit
1636 3585 1824 3654 igitur
1862 3583 2167 3652 Eutyches
2204 3576 2444 3651 Chry-4

149 3656 422 3725 saphiuin
463 3656 809 3713 eunuchum
850 3656 1118 3712 eiusdem
1159 3655 1500 3711 sententiae
1538 3656 1846 3722 asseclam,
1904 3655 2025 3724 qui,
2080 3668 2216 3708 cum
2262 3649 2443 3724 plu-5

149 3726 359 3783 rimum
412 3733 616 3799 posset
665 3727 832 3798 apud
888 3744 1115 3798 regem,
1172 3725 1516 3782 Theodosio
1567 3727 1909 3798 persuadet,
1969 3729 2036 3780 ut
2073 3723 2387 3793 Dioscoro‚

150 3799 247 3866 qui
287 3806 425 3870 post
464 3798 667 3870 Cyrilli
716 3799 876 3854 illius
922 3800 1279 3854 sanctissimi
1328 3798 1558 3854 obitum
1596 3795 2051 3854 Alexandrinae
2096 3795 2389 3852 ecclesiae

151 3877 445 3938 praeerat,
504 3870 882 3939 concederet,
922 3877 988 3926 ut
1029 3886 1166 3925 cum
1205 3871 1338 3925 aliis
1377 3871 1675 3942 episcopis
1716 3869 2016 3940 Ephesum
2053 3868 2292 3923 venir-et
2330 3872 2390 3923 et

151 3939 436 4011 Eutychis
473 3941 763 4011 dogmata
803 3948 1134 4010 excuteret,
1174 3946 1495 4013 praesente
1522 3942 1702 3997 etiam
1729 3940 2042 3996 Flaviano.
2116 3938 2174 3994 Is
2201 3937 2446 4010 igiturss

150 4010 492 4080 Dioscorus,
551 4015 653 4083 qni
702 4028 840 4068 eum
880 4014 1154 4084 Eutyche
1206 4013 1363 4068 idem
1411 4014 1598 4068 sensit
1642 4012 1914 4081 aliosque
1963 4012 2282 4083 episcopos
2326 4010 2390 4065 in
2492 4031 2498 4037 ·

150 4098 316 4139 suain
367 4087 726 4140 sententiani
775 4084 1138 4154 adduxerat,
1195 4085 1499 4156 Ephesum
1540 4087 1848 4155 profectus
1899 4087 2035 4139 rata
2088 4083 2235 4137 facit
2289 4080 2391 4138 do·

150 4162 353 4219 galata
382 4155 781 4226 Eutychiana.
857 4154 1241 4211 Adversante
1280 4161 1484 4212 autem
1524 4155 1897 4211 sanctissimo
1936 4153 2038 4209 illo
2076 4151 2447 4220 Flaviano,‘1

151 4222 477 4281 Dioscorus
516 4226 683 4283 velut
722 4229 929 4282 asinus
969 4228 1214 4297 qnidam
1254 4230 1420 4283 ferus
1460 4227 1745 4281 exsiliens
1784 4226 2053 4281 calcibus
2086 4226 2150 4280 in
2177 4229 2390 4295 peetus

153 4296 229 4365 pii
286 4298 443 4353 illius
501 4299 614 4355 viri
669 4300 899 4355 insiluit
956 4313 1159 4369 neque
1209 4299 1377 4370 prius
1423 4299 1650 4370 pugnis
1689 4298 1821 4353 eius
1865 4298 2040 4369 genis
2087 4296 2392 4369 percussis
2438 4307 2442 4312 ·
