2870 4966
461 334 573 404 270
935 373 940 378 -
1099 281 1395 409 zoam
1416 335 1619 410 epm
1658 337 1772 410 xv
1806 346 1860 425 e,
1896 338 2098 412 8-19.

404 537 441 597 9
459 533 769 623 σβυτέρας
831 536 873 624 ἢ
940 536 1013 603 ἐκ
1074 538 1206 604 τῶν
1268 536 1484 608 ἄλλων
1546 537 1869 627 παρόντος
1933 545 2377 631 πατριαρχῶν·
2446 545 2557 614 καὶ
2618 547 2725 640 τὴν

455 641 749 729 τοιαύτην
792 639 1167 730 συνδρομὴν
1209 646 1341 710 τῶν
1385 644 1660 731 ἀνιέρων
1690 646 1953 738 ἐκείνων
1982 647 2259 716 σύνοδον
2289 649 2723 745 οἷκουμενικὴν

267 749 327 807 D
366 750 439 808 10
454 746 716 814 καλέσαι
760 747 885 815 οὔκ
930 747 1352 838 ἀπενάρκησε.
1445 745 1598 837 μεθ’
1649 747 1748 817 ὧν
1793 753 1882 825 εἷς
1924 750 2035 820 τὸν
2080 753 2150 820 ἐν
2187 752 2580 843 Βλαχέρναις
2620 770 2723 851 τῆς

453 851 774 920 θεοτόκου
813 848 973 920 ναὸν
1003 851 1398 941 ἀφικόμενος
1427 854 1538 923 καὶ
1569 854 1638 923 ἐν
1666 862 1761 942 τῷ·
1791 856 2048 944 ἅμβωνι
2078 857 2506 947 ἀναβεβηκὼς
2536 863 2719 934 Kane.

453 957 773 1027 σταντῒνόν
816 981 949 1027 τινα
998 981 1168 1047 μονα
1170 958 1310 1047 χόν,
1362 959 1712 1028 ἐπίσκοπον
1757 959 2043 1029 Συλαίου
2091 963 2452 1052 γενόμενον,
2511 965 2718 1058 ἅναβι.
2733 981 2766 1039 ll

451 1062 660 1150 βάσας
696 1064 833 1131 ἐκεῖ
855 1064 1224 1151 ἕξεφώνησε
1252 1063 1788 1134 “Κωνσταντι’νου
1836 1066 2286 1154 οἰκουμενικοῦ
2331 1073 2717 1162 πατριάρχου

364 1171 429 1230 11
450 1166 653 1235 πολλὰ
698 1165 774 1234 τὰ
830 1168 1007 1256 &tn-'⁹
1096 1168 1206 1235 καὶ
1248 1164 1385 1257 μετ’
1435 1169 1651 1257 ὀλίγας
1697 1171 1952 1259 ἡμέρας
1989 1173 2058 1240 ἐν
2109 1181 2206 1259 τῴ·
2259 1172 2464 1262 Φάρῳ
2518 1202 2716 1265 παρα.

451 1272 793 1361 γενόμενος
838 1273 877 1339 ὖ
922 1272 1232 1360 τύραννος
1285 1271 1474 1348 οὗτος
1525 1274 1684 1361 μετὰ
1739 1282 1852 1342 τοῦ
1906 1278 2303 1365 πατριάρχου
2361 1277 2557 1348 αὐτοῦ
2618 1286 2717 1354 καὶ

448 1384 580 1450 τῶν
625 1379 1271 1468 ὖμογνωμονούντων
1315 1381 1496 1468 αὐτῷ
1542 1380 1932 1469 ἐπισκόπων,
2000 1384 2274 1451 ἐνώπιον
2325 1385 2564 1461 παντὸς
2612 1397 2716 1459 τοῦ

449 1484 609 1554 λαοῦ
655 1486 769 1576 τὴν
812 1489 945 1554 τῶν
975 1491 1224 1553 σεπτῶν
1255 1486 1527 1554 εἰκόνων
1555 1488 1989 1576 προσκύνησιν
2022 1488 2493 1578 ἀπηγόρευσαν,
2539 1494 2714 1563 εἴδω·
2732 1504 2870 1567 Dlll:

362 1595 432 1656 12
447 1591 758 1680 λολάτρας
808 1590 959 1667 τοὺς
1013 1591 1243 1667 ταύτας
1300 1593 1692 1691 σεβομένους
1748 1587 2143 1680 καλέσαντες,
2208 1595 2318 1663 καὶ
2375 1597 2715 1688 ἀνα-ι’)έματι

448 1699 910 1787 καθυπέβαλον
971 1698 1083 1765 τόν
1145 1724 1210 1767 τε
1267 1698 1562 1786 ἀοίδιμον
1606 1699 1948 1787 Γερμανὸν
2004 1699 2113 1768 καὶ
2171 1701 2282 1768 τὸν
2328 1703 2401 1770 ἐκ
2448 1705 2715 1793 Κύπρου

447 1804 516 1871 Γ
506 1807 778 1892 εώργιον
810 1804 1209 1893 πατριάρχην
1238 1812 1349 1894 τῆς
1380 1804 1867 1873 Κωνσταντίνου
1916 1805 2259 1895 γενόμενον
2302 1808 2412 1876 καὶ
2456 1809 2566 1877 τὸν
2587 1882 2591 1885 Α
2606 1815 2711 1899 μέ-

109 1915 426 1977 ΡΠ109Δ
448 1935 567 1998 γαν
612 1910 713 1978 ἐπὶ
759 1911 958 1998 σοφίᾳ
1002 1911 1112 1978 καὶ
1166 1911 1360 1999 ἀρετῇ
1397 1909 1707 1999 Ἰωάννην
1761 1912 1871 1979 τὸν
1917 1913 2373 2002 Δαμασκηνόν,
2439 1917 2514 1989 ὓς
2565 1918 2710 1985 πολ-

148 2053 152 2057 ·
446 2017 626 2093 λάκις
680 2015 791 2084 τὸν
847 2016 1185 2105 ὒεομάχον
1243 2017 1464 2104 ἤλεγξε
1518 2023 1742 2085 τοῦτον
1797 2018 1906 2085 καὶ
1951 2018 2061 2086 τὸν
2106 2020 2305 2088 αὐτοῦ
2350 2021 2590 2109 πατέρα
2636 2020 2707 2091 δι’
2729 2032 2784 2091 15

447 2123 795 2191 ἐπιστολῶν
841 2122 1110 2210 ἀσεβεῖν.
1168 2160 1176 2171 ·

358 2235 429 2294 13
618 2229 1119 2316 Ἐκστρατεύσας
1184 2229 1255 2296 δὲ
1318 2228 1481 2296 κατὰ
1537 2228 1942 2317 Βουλγάρων
1995 2231 2034 2297 ὁ
2083 2230 2560 2306 Κωνσταντΐνος
2612 2234 2711 2302 καὶ

445 2334 800 2423 συμβαλὼν
864 2319 1078 2408 αὐτοῖς
1140 2335 1249 2402 καὶ
1311 2333 1589 2409 πολλοὺς
1653 2335 2008 2422 ἀποβαλὼν
2072 2336 2152 2402 οὗ
2215 2341 2347 2403 τῶν
2399 2338 2710 2425 τυχόντων

442 2440 648 2528 μόνον
706 2444 1129 2529 στρατιωτῶν,
1196 2438 1353 2507 ἀλλὰ
1412 2439 1523 2506 καὶ
1575 2444 1707 2507 τῶν
1754 2433 2094 2529 ἐπισήμων
2132 2440 2241 2509 καὶ
2287 2448 2710 2532 στραταρχῶν,

442 2542 595 2632 μεθ’
644 2548 832 2635 ἥττης
877 2545 1303 2623 ἕπανὲζευξεν.
2723 2554 2783 2613 20

552 2739 589 2797 3
624 2737 958 2813 ἕπενιίρκησε
996 2737 1046 2796 Ε
1209 2735 1288 2796 ὦν
1326 2735 1539 2811 OwDi,
1578 2739 1640 2796 ὃν
1676 2738 1825 2815 ΑΕρ
1997 2740 2049 2800 Β.
2088 2741 2125 2797 4
2161 2738 2289 2799 ναὸν
2327 2746 2419 2814 τῆς
2455 2740 2708 2798 θεοτόκου

553 2811 769 2886 CEwp,
805 2813 959 2871 θετον
980 2809 1109 2869 ναὸν
1133 2818 1226 2885 τῆς
1251 2813 1515 2870 θεοτόκου
1537 2811 1609 2885 D,
1650 2814 1865 2872 aedem
1901 2812 2361 2875 sacrosanctam
2382 2812 2706 2887 Deiparaez

563 2885 667 2943 Wo
705 2888 808 2943 lat.
1016 2885 1051 2941 5
1087 2885 1359 2942 Συλλαίου
1397 2883 1672 2960 Theoph.
1712 2886 1739 2944 1
1780 2903 1836 2961 p.
1877 2887 2002 2959 428,
2040 2886 2078 2944 4
2282 2886 2317 2944 7
2355 2888 2631 2960 γενόμενος
2665 2883 2707 2943 O

550 2960 587 3016 8
623 2959 778 3022 οὗτος
817 2974 934 3017 om·
974 2956 1020 3017 C
1213 2958 1285 3015 10
1320 2958 1694 3032 ἀπηγόρευσαν
1732 2966 1794 3017 et
1830 2960 2194 3034 ἀπηγόρευσεν
2232 2975 2343 3033 per
2382 2959 2626 3031 dittogr.
2663 2957 2706 3016 Ε

555 3033 623 3090 13
658 3032 992 3106 πατριάρχην
1011 3039 1103 3106 τῆς
1122 3031 1553 3107 Κωνσταντίνου]
1585 3033 1676 3090 Do
1696 3034 1812 3091 hoe
1834 3049 2044 3091 erroro
2066 3035 2328 3107 repetito
2351 3033 2431 3089 ab
2453 3033 2704 3105 Ephrae·

549 3107 672 3165 mlo
716 3107 857 3165 1788
904 3123 960 3164 v.
1000 3104 1139 3165 Duc
1186 3106 1267 3163 ad
1315 3106 1370 3164 h.
1420 3106 1455 3163 l.
1506 3113 1566 3165 et
1613 3106 1946 3166 Henrieum
1989 3105 2315 3165 Gelzerum
2354 3105 2581 3166 Seaetus
2617 3106 2705 3162 Iu·

550 3178 675 3238 lite-s
715 3177 1059 3255 Africanus
1097 3184 1212 3239 eet.
1251 3178 1417 3255 Lips.
1460 3180 1601 3238 1885
1640 3185 1680 3240 t.
1720 3181 1777 3238 11
1864 3222 1877 3241 .
1920 3180 2023 3240 177
2063 3196 2204 3240 ann.
2244 3180 2280 3238 ὗ
2525 3179 2592 3236 14
2626 3178 2706 3236 τὸν

550 3253 900 3329 ὅαμασκηνόν
925 3253 1159 3328 Ῑωάννην
1186 3254 1235 3313 Ο
1374 3254 1444 3311 19
1478 3255 1665 3329 μόνων
1691 3271 1789 3329 wp
1838 3256 2024 3313 invitis
2050 3253 2176 3327 AR,
2215 3271 2273 3313 v.
2295 3253 2375 3312 ad
2396 3252 2536 3312 XIV
2555 3254 2605 3325 (3,
2623 3253 2703 3311 31.

385 3437 651 3499 9'1'alem
692 3454 1060 3499 coneursum
1101 3441 1505 3515 profanorum
1556 3439 1799 3498 illorum
1840 3440 2152 3499 hominum
2193 3439 2499 3513 synodum
2540 3452 2704 3496 oecu-

352 3513 425 3572 10
441 3516 741 3572 menieam
792 3515 1106 3589 appellare
1162 3531 1286 3572 non
1327 3514 1663 3588 dubitavit3
1720 3531 1859 3572 eum
1900 3515 2126 3589 quibus
2165 3514 2381 3572 aedem
2422 3515 2704 3587 deiparae

440 3588 944 3647 Blacherniamin
971 3604 1220 3660 messus,
1261 3604 1600 3646 eonseenso
1640 3589 1905 3647 ambone
1944 3594 2004 3647 et
2024 3587 2425 3646 Constantino
2448 3587 2702 3659 quodam

438 3663 760 3734 monacho,
802 3664 906 3735 qui
968 3662 1152 3735 *ylaei
1189 3662 1518 3735 episeopus
1557 3664 1779 3731 fuerat,
1819 3663 1940 3720 illie
1980 3662 2276 3719 collocato
2318 3659 2703 3718 exelainavitz

349 3735 925 3794 11“Constantinus
959 3736 1392 3793 oecumenicus
1415 3737 1765 3807 patriarcha
1801 3736 2025 3793 multos
2062 3737 2236 3792 vivat
2273 3733 2527 3791 annoS.”
2570 3734 2706 3789 Post

439 3825 675 3883 pauens
727 3810 858 3866 dies
907 3816 1210 3882 tyrannus
1262 3809 1321 3865 in
1372 3809 1599 3865 Forum
1653 3811 1822 3866 venit
1873 3826 2010 3866 eum
2065 3809 2411 3881 patriarcha
2478 3823 2589 3865 suo
2650 3809 2704 3860 et

437 3882 849 3941 sectatoribus
913 3883 1236 3955 episcopis,
1302 3883 1407 3954 qui
1459 3898 1666 3938 eoram
1721 3884 1884 3939 omni
1939 3883 2164 3955 populo
2216 3881 2701 3938 venerandarum

438 3957 779 4029 imaginum
808 3955 1233 4012 adorationem
1261 3955 1734 4023 interdixerunt,
1762 3956 2100 4012 idololatris
2127 3957 2200 4011 iis
2229 3955 2567 4027 appellatiS,
2606 3950 2702 4023 qui

349 4027 420 4086 12
439 4044 545 4086 eas
585 4029 875 4100 colerent,
915 4034 978 4086 et
1015 4028 1409 4085 anathemate
1448 4033 1744 4086 notarunt
1781 4029 2077 4086 inclutum
2105 4027 2480 4086 Germanum
2520 4032 2580 4083 et
2599 4027 2703 4081 Ge·

439 4103 681 4176 orgium
729 4100 1043 4175 Cyprium,
1095 4102 1199 4174 qui
1241 4100 1600 4175 Cpolitanus
1644 4102 1995 4174 patriarcha
2048 4102 2269 4171 fuerat,
2324 4106 2385 4159 et
2433 4100 2702 4157 doctrina

439 4177 793 4248 virtuteque
860 4179 1273 4248 praestantem
1335 4175 1630 4232 loannem
1692 4174 2164 4246 Damascenum,
2216 4174 2320 4249 qul
2386 4173 2548 4231 hune
2611 4169 2702 4228 dei

438 4247 674 4306 bostem
715 4250 974 4323 eiusque
1013 4253 1251 4322 patrem
1290 4248 1506 4306 litteris
1543 4264 1730 4323 saepe
1769 4249 2098 4322 impietatis
2137 4255 2452 4321 arguerat.

347 4322 421 4382 18
618 4320 787 4379 Bello
846 4326 1062 4379 eontra
1115 4321 1419 4394 Bulgaros
1482 4326 1647 4379 moto
1702 4320 2142 4380 Constantinus
2208 4323 2442 4396 proelio
2494 4320 2700 4387 vietus,

437 4395 644 4454 multls
681 4411 807 4453 non
846 4396 1153 4470 gregariis
1203 4400 1442 4453 tantum
1483 4396 1773 4454 militibus
1813 4396 1924 4453 sed
1963 4393 2302 4455 illustribus
2341 4397 2521 4455 etiam
2563 4391 2701 4452 viris

437 4474 500 4533 et
538 4470 800 4530 tribunis
839 4471 1093 4545 amissis,
1134 4469 1380 4530 domum
1421 4469 1657 4530 cladem
1697 4470 1946 4532 rettulit.

1621 4853 1627 4861 .
