2870 4966
459 287 533 348 72
994 284 1271 349 zoNAR.
1311 286 1512 348 ΕΡΙΤ.
1551 287 1697 349 xm
1739 287 1823 364 14,
1863 288 2093 363 14-15,
2131 289 2180 350 7.

369 488 438 548 15
457 474 622 550 λέως
673 463 1106 563 ἐβουλεύοντο.
1198 472 1307 543 καὶ
1364 476 1426 544 οί
1476 473 1598 564 μὲν
1641 469 1842 564 τόνδε,
1908 475 1971 544 ol
2015 475 2086 544 δὲ
2129 475 2310 545 τόνδε
2356 474 2716 567 ὠνόμαζον,

456 582 520 648 σί
579 580 832 656 πλείους
897 576 955 648 δ’
1024 578 1124 648 ἐπὶ
1186 588 1281 668 τῷ
1344 580 1721 670 Σαλουστίῳ
1784 583 2060 671 ὑπάρχῳ
2121 587 2252 650 τῶν
2312 586 2720 671 πραιτωρίων

279 696 328 757 Β
366 698 436 756 16
453 684 817 775 τυγχάνοντι
863 685 1348 775 ὥμοφώνησαν.
1442 688 1481 754 6
1513 683 1571 754 δ’
1606 688 1991 777 ἀπηνήνατο,
2038 686 2110 754 τὸ
2143 693 2345 776 γῆρας
2374 688 2462 762 είς
2490 691 2717 775 παραί-

368 803 435 862 17
453 815 627 879 τησιν
670 789 1179 879 προβαλόμενος.
1273 793 1669 878 αἰτουμένων
1719 792 1789 859 δὲ
1832 792 1943 860 τὸν
1987 791 2212 859 τούτου
2258 791 2399 859 υίδν
2430 794 2509 859 οὔ
2538 795 2717 862 κατέ-

454 920 651 970 νευσε.
718 894 820 963 διά
881 894 1136 984 νεότητα
1194 896 1303 964 καί
1359 898 1624 985 γνώμης
1668 898 1966 984 ἀφέλειαν
2009 897 2230 984 κρίνας
2275 898 2516 964 ἐκεῖνον
2558 899 2721 985 πρὸς
2735 901 2765 961 5

368 1012 436 1070 18
454 1000 661 1089 ἀρχὴν
705 1000 997 1089 τοιαύτην
1042 1001 1485 1089 ἀνεπιτήδειον.
1581 1002 1681 1070 διὸ
1724 1002 1881 1089 μετὰ
1929 1007 2057 1069 τῶν
2103 1003 2316 1069 ἄλλων
2366 1002 2475 1069 καὶ
2532 1004 2719 1080 αὐτὸς

455 1107 494 1173 6
539 1097 930 1181 Σαλούστιος
972 1106 1230 1194 βασιλέα
1278 1107 1387 1174 καὶ
1434 1107 1675 1174 ἀπόντα
1733 1106 2247 1176 Οὖαλεντινιανὸν
2293 1107 2668 1194 ἐψηφίσατο.

368 1213 434 1273 19
625 1210 709 1280 Ὀ
749 1213 962 1300 μέντοι
999 1210 1308 1298 Ἰοβιανδς
1352 1213 1618 1299 εὐσεβὴς
1677 1211 1757 1300 ἦν
1811 1213 1953 1299 περὶ
2008 1212 2079 1279 τὸ
2136 1212 2345 1300 δόγμα
2402 1213 2511 1281 καὶ
2565 1214 2715 1302 ἀγα-

363 1316 756 1405 Βθῦοθελής.
851 1318 1027 1385 οἴνου
1076 1311 1133 1384 δ’
1183 1318 1404 1406 ἥττητο
1451 1317 1559 1385 καὶ
1606 1316 2026 1406 ἀφροδισίων·
2092 1317 2200 1386 καὶ
2256 1317 2370 1406 τὴν
2425 1324 2537 1386 τοῦ
2591 1321 2715 1387 σώ-

449 1446 653 1509 ματος
684 1421 1061 1510 ἀναδρομὴν
1093 1422 1380 1511 εὗμήκης
1411 1422 1709 1510 ἐτύγχανε
1742 1423 1850 1490 καὶ
1883 1424 2279 1510 γραμμάτων
2297 1426 2423 1492 ὀὐκ
2447 1426 2716 1511 ἄπειρος.
2740 1425 2795 1482 ¹0

363 1527 527 1602 2185·
581 1526 787 1595 ὀπίσω
846 1526 998 1594 ποτὲ
1055 1533 1167 1595 τοῦ
1214 1527 1561 1595 'Iovinum-17
1616 1527 2051 1613 πορευόμενος
2117 1528 2211 1603 ὡς
2274 1530 2594 1617 χιλίαρχος
2656 1531 2719 1598 ἐν

397 1662 398 1665 “
453 1631 635 1719 τόπῳ
681 1632 965 1699 κατάντει
1010 1632 1347 1718 προϊόντος
1383 1633 1654 1720 ἐπάτησε
1684 1633 1757 1699 τὸ
1788 1632 2153 1718 κράσπεδον
2182 1640 2292 1722 τῆς
2321 1635 2720 1721 πορφυρίδος

361 1738 433 1796 22
451 1737 670 1805 αὐτοῦ.
763 1738 802 1804 6
857 1738 948 1823 δέ,
1018 1733 1121 1805 εἴτ’
1191 1738 1263 1804 ἐκ
1330 1737 1556 1805 τούτου
1625 1737 1926 1825 διάδοχον
1989 1737 2190 1818 αὐτοῦ,
2250 1738 2359 1805 τὸν
2414 1738 2718 1826 ’Ῑοβιανὸν

385 1841 431 1901 C
451 1843 842 1929 ἐτεκμήρατο
890 1842 994 1909 εἴτ’
1044 1844 1117 1909 ἐκ
1161 1842 1460 1928 μαντείας
1505 1844 1671 1929 ἔγνω
1716 1843 1902 1910 τοῦτό
1940 1867 2121 1920 τινος,
2168 1842 2338 1910 εἶπεν
2366 1844 2571 1910 “offla
2599 1847 2717 1912 κάν

361 1946 433 2004 23
450 1947 880 2032 ἀνθρωπος”.
973 1946 1128 2033 ἦρξε
1160 1946 1231 2013 δὲ
1263 1945 1403 2015 οὔδ’
1439 1947 1631 2021 ὅλους
1668 1954 1879 2035 μῆνας
1917 1948 2117 2027 ὀκτώ·
2165 1949 2204 2015 6
2242 1949 2455 2034 μέντοι
2495 1949 2715 2035 νεκρὸς
2734 1949 2788 2009 15

450 2051 646 2118 αὐτοῦ
705 2053 792 2126 είς
845 2042 917 2118 τὸ
965 2051 1316 2130 Βυζάντιον
1373 2053 1828 2140 ἀνακομισθεὶς
1887 2052 1954 2119 ἐν
1997 2059 2092 2138 τῷ
2136 2056 2266 2119 τῶν
2311 2053 2531 2139 ἁγίων
2557 2055 2711 2121 ἀπο-

451 2155 694 2223 στόλων
759 2156 960 2244 ἐτάφη
1028 2163 1187 2243 ναῷ,
1253 2156 1419 2224 ὅπου
1476 2157 1634 2244 μετὰ
1692 2162 1885 2223 ταῦτα
1943 2157 2262 2245 συνετάφη
2318 2158 2428 2224 καὶ
2473 2158 2512 2244 ἡ
2562 2159 2709 2246 γυνὴ

422 2392 485 2447 Β
518 2390 639 2465 περὶ
677 2392 1007 2449 Σαλουστίου
1046 2389 1143 2450 ΟΕ
1339 2391 1375 2449 6
1410 2372 1503 2449 δ’τιΙ
1529 2391 1674 2464 παρὰ
1710 2392 1927 2451 πάντων
2001 2390 2211 2455 ασιλεὺς
2247 2391 2281 2449 6
2316 2393 2457 2464 (om.
2497 2393 2565 2460 Ε)
2609 2395 2710 2452 Οὔ·

356 2483 359 2488 ’
449 2465 798 2528 αλεντινιανός
823 2465 1111 2539 ἐψηφίσθη
1140 2463 1238 2524 OE
1419 2467 1456 2524 8
1492 2466 1603 2528 οἷος
1628 2466 1695 2540 ἦν
1721 2464 1783 2523 τὰ
1810 2467 1919 2541 ἤθη
1973 2470 2013 2524 τ.
2034 2467 2086 2540 ἧ.
2115 2482 2231 2525 om.
2254 2463 2322 2534 C)
2344 2466 2599 2539 ’Ῑοβιανός
2618 2466 2708 2527 ΟΕ
2756 2539 2759 2542 ¹

510 2715 515 2721 ·
562 2685 587 2739 l
631 2685 687 2739 οἱ
719 2681 944 2756 Apr,
984 2686 1016 2739 6
1039 2684 1094 2740 D
1240 2686 1298 2740 οί
1329 2682 1554 2756 Apr,
1594 2686 1627 2738 6
1650 2684 1705 2739 D
1852 2677 2136 2755 ὠνόμαζον
2160 2680 2286 2754 AR,
2323 2684 2409 2740 ἐπὶ
2435 2684 2708 2755 ὠνόμαζον

558 2755 647 2810 w*
815 2756 872 2812 ’2
906 2758 1120 2818 πλείους
1145 2754 1369 2827 ΑΒΨῙ),
1405 2758 1682 2818 πλείστους
1703 2756 1806 2817 Dw
1950 2757 2171 2828 ἐπάρχω
2192 2757 2257 2827 Ε,
2298 2773 2356 2813 v.
2394 2756 2535 2813 XIV
2570 2759 2620 2827 3,
2641 2759 2706 2815 28

559 2834 618 2886 et
714 2844 1001 2886 seuerum
1039 2830 1098 2885 d.
1136 2827 1274 2887 keil.
1318 2830 1618 2886 Theodos.
1657 2828 1823 2899 Lips.
1865 2829 2007 2885 1890
2043 2846 2099 2900 p.
2126 2830 2229 2885 129
2373 2829 2410 2885 3
2446 2828 2505 2884 τό
2543 2831 2705 2887 initio

560 2916 716 2957 vers,
755 2916 870 2957 om.
910 2901 965 2957 D
1112 2902 1148 2957 4
1181 2902 1611 2973 προβαλλόμενος
1650 2898 2121 2973 BsCEwapDi
2266 2900 2300 2956 5
2337 2902 2630 2974 ἀσφάλειαν
2665 2902 2707 2958 C

558 2973 591 3031 7
627 2972 716 3028 τὸν
753 2972 895 3030 add.
935 2979 1080 3029 anto
1118 2974 1266 3029 οὖαλ.
1307 2972 1547 3046 prDi
1787 2974 2125 3045 ἐψηφίσαντο
2163 2972 2267 3029 CD
2511 2974 2577 3029 14
2612 2975 2708 3029 κᾶν

517 3054 523 3064 ’
559 3043 871 3118 AprDi,
912 3045 972 3101 δὲ
1006 3047 1111 3101 κᾶν
1150 3046 1213 3115 Ε,
1253 3045 1305 3100 δ’
1341 3046 1550 3102 ἐκεῖνον
1589 3062 1666 3102 ex
1708 3046 1919 3102 codice
1958 3045 2051 3114 W,
2108 3050 2179 3102 ut
2219 3046 2480 3117 videtur,
2538 3048 2707 3103 affert

567 3118 670 3175 Wo
818 3117 886 3173 17
927 3124 1066 3190 post
1102 3118 1371 3190 συνετάφη
1413 3118 1554 3174 add.
1592 3118 1740 3189 αὐτῷ
1779 3116 1975 3189 Bpr

360 3337 432 3397 15
451 3358 603 3416 rege
670 3343 939 3402 creando
1007 3344 1435 3403 deliberantes.
1545 3341 1697 3403 Aliis
1764 3349 1968 3402 autem
2034 3344 2184 3401 alios
2257 3343 2705 3402 nominantibus
2762 3413 2763 3416 Ἴ

357 3412 432 3470 16
493 3414 656 3474 iures
713 3415 792 3475 de
851 3414 1135 3489 salustio,
1194 3417 1509 3491 praesecto
1569 3417 1896 3492 praetorio,
1954 3420 2414 3475 consenuerunt.
2488 3414 2703 3474 Verum

356 3485 429 3543 17
473 3488 551 3548 lle
590 3495 888 3547 excusata
926 3495 1130 3547 aetat-e
1167 3492 1388 3548 renuit.
1465 3488 1653 3548 Cuius
1701 3489 1889 3547 fllium
1942 3505 2080 3547 cum
2134 3489 2532 3563 postularent,
2588 3504 2703 3544 nou

450 3563 767 3633 concessit,
813 3561 920 3620 tali
960 3561 1214 3635 imperio
1255 3578 1392 3620 cum
1435 3563 1514 3620 ob
1553 3567 1816 3620 aetatem
1857 3569 1982 3620 tum
2026 3562 2105 3620 ob
2144 3561 2589 3636 simpIIcitatem
2626 3561 2703 3615 iu·

355 3631 430 3690 18
495 3634 618 3691 enii
668 3641 840 3692 ratus
890 3635 1201 3708 imparem.
1277 3635 1495 3706 Itaque
1540 3650 1665 3692 una
1692 3652 1842 3693 ,cum
1884 3634 2103 3692 ceteris
2141 3640 2201 3692 et
2240 3634 2372 3707 ipse
2411 3631 2702 3692 Salustius

503 3705 942 3764 alentinianum
985 3708 1266 3779 quamvis
1305 3708 1622 3765 absentem
1662 3724 1869 3780 regem
1911 3708 2200 3765 nominat.

230 3775 431 3837 1220
627 3778 920 3838 Iovianus
958 3781 1035 3838 de
1074 3780 1372 3852 reiigione
1412 3786 1578 3838 recte
1617 3782 1821 3850 sensit,
1882 3781 1977 3837 vir
2015 3779 2372 3849 benevoluS,
2432 3776 2700 3851 quamvis

452 3850 575 3907 vini
615 3857 676 3908 et
714 3852 1034 3910 libidinum
1071 3854 1545 3925 intemperantia
1580 3855 1956 3923 vincet-etun
1996 3857 2232 3909 statura
2267 3852 2543 3923 corporis
2578 3853 2700 3906 erat

273 3945 274 3948 ¹
351 3921 420 3979 21
447 3923 710 3992 excelsa,
772 3926 1108 3982 litterarum
1166 3941 1288 3982 non
1349 3925 1536 3982 rudis,
1637 3926 1752 3991 Qui
1818 3940 1954 3981 cum
2013 3924 2349 3996 aliquando
2406 3923 2697 3979 Iulianum

446 3996 740 4052 acclivem
780 3998 980 4054 locum
1020 3997 1452 4054 ascendentem
1490 4005 1559 4054 ut
1596 3998 1878 4055 tribunus
1916 3997 2326 4066 comitaretur,
2367 4000 2695 4077 extremum

349 4066 427 4124 22
446 4069 786 4140 marginem
826 4085 1140 4142 purpurae
1179 4072 1310 4126 eius
1350 4070 1627 4126 calcavit.
1703 4069 1860 4125 Tum
1907 4069 2019 4138 ille,
2077 4068 2209 4125 sive
2261 4085 2338 4125 ex
2388 4068 2699 4123 hocicom-

446 4141 615 4196 ciens
641 4156 779 4197 cum
807 4143 1042 4215 imperii
1072 4145 1205 4198 sore
1230 4157 1664 4210 successorem,
1703 4144 1835 4198 sive
1863 4141 2112 4198 oraculo
2143 4141 2411 4212 quodam
2440 4138 2697 4201 edoctuS‚

348 4212 425 4269 23
446 4212 630 4268 dixit:
667 4213 702 4236 “
715 4214 874 4284 Esto,
903 4216 952 4271 si
981 4214 1162 4270 modo
1192 4212 1310 4284 [sit]
1340 4213 1582 4270 homo”.
1656 4213 1990 4285 Imperavit
2017 4230 2139 4269 nou
2168 4214 2445 4285 integros
2476 4221 2698 4264 menses

448 4289 614 4356 ουτος
672 4302 894 4357 corpus
943 4288 1076 4342 eius
1125 4286 1490 4358 Byzantium
1545 4286 1845 4358 perlatum
1894 4287 1955 4341 in
2001 4289 2351 4341 sanctorum
2410 4280 2698 4355 apostolo·

441 4372 580 4413 rum
619 4358 1116 4430 aede‘sepultum
1157 4365 1264 4428 est,
1304 4358 1412 4415 ubi
1457 4363 1593 4430 post
1630 4374 1793 4415 uxor
1837 4360 2020 4415 etiam
2059 4359 2192 4415 eius
2220 4356 2466 4414 Obarito
2494 4359 2583 4411 est
2618 4364 2697 4406 se-
