2870 4966
412 267 520 339 126
731 224 734 229 ⁶
1015 260 1292 341 zeum.
1329 269 1530 340 Em‘r.
1568 263 1712 342 'xlv-
1735 280 1797 372 ἰ,
1834 267 2066 341 23-35.

409 490 527 533 νου
571 465 681 533 τὸν
724 471 835 553 τῆς
862 465 1225 554 βασιλίσσης
1254 466 1537 555 Βηρίνης
1567 467 1890 556 ὁμαίμονα
1920 468 2302 539 Βασιλίσκον
2331 470 2656 548 avectam.

209 604 212 605 ⁷
316 576 390 635 24
409 572 484 643 ὃς
538 569 655 637 σὺν
710 570 916 657 στόλῳ
969 570 1191 657 πολλῷ
1242 570 1404 638 κατὰ
1460 570 1791 658 Γιζερίχου
1849 573 2227 659 στρατεύσας
2281 576 2350 644 ἔν
2394 577 2658 672 Ἀφρικῇ

406 674 649 763 ἡττήθη
696 674 834 742 λίαν
878 676 1161 762 αἰσχρῶς
1205 676 1313 742 καὶ
1357 674 1429 742 τὸ
1474 677 1688 742 πλεῖον
1730 682 1842 743 τοῦ
1898 677 2122 765 στόλου
2177 680 2509 770 ἀπέβαλεν,
2568 687 2658 761 ὡς

353 795 357 799 ·
404 780 527 863 μίν
569 804 726 851 τινες
771 781 1142 864 ίστοροῦσιν,
1199 780 1271 846 ἔκ
1317 780 1747 866 κακοβουλίας
1790 780 1897 847 καὶ
1941 788 2054 848 τοῦ
2098 783 2190 870 μὴ
2239 795 2658 872 στρατηγικῶς

309 890 387 947 25
408 883 717 950 διαθεῖναι
762 883 870 949 τὸν
913 884 1212 969 πόλεμον,
1277 884 1373 956 ὡς
1418 883 1477 948 δ’
1526 884 1740 968 ἕτεροι,
1807 885 1878 951 ἐκ
1924 887 2303 971 προδοσίας·
2369 890 2653 976 χρήματα
2670 904 2701 965 ὁ

405 986 528 1073 γὰρ
574 986 767 1054 αὐτὸν
813 988 1025 1074 λαβεῖν
1068 987 1318 1053 πλεῖστά
1365 1011 1521 1074 φασι
1573 987 1750 1074 παρὰ
1781 987 2147 1076 ,Ιῖζερίχοψ
2213 991 2323 1057 καὶ
2377 999 2490 1059 τοῦ
2542 1021 2653 1063 πο-

114 1096 224 1156 PII
241 1097 305 1156 51
328 1096 382 1155 A
402 1091 601 1177 λέμου
632 1093 1053 1178 συρραγέντος
1085 1091 1348 1176 στρέψαι
1379 1091 1493 1178 τὴν
1524 1093 1897 1178 στρατηγίδα
1929 1096 2174 1182 τριήρη,
2221 1096 2330 1163 καὶ
2366 1098 2655 1185 πρύμναν

312 1196 844 1282 26κρουσάμενον
889 1196 975 1269 είς
995 1228 996 1231 “
1020 1194 1233 1282 φυγὴν
1277 1196 1649 1281 τραπέσθαι,
1697 1197 2041 1265 κάντεῦθεν
2084 1200 2334 1285 θάρσος
2361 1201 2480 1289 μὲν
2511 1203 2652 1272 ἐνει-

397 1302 575 1368 κέναι
619 1306 749 1375 τοῖς
794 1300 1110 1386 ἐναντίοις,
1156 1304 1287 1366 τῶν
1334 1295 1392 1366 δ’
1443 1301 1697 1368 οἶκείων
1740 1303 2115 1388 καταβαλεῖν
2151 1304 2227 1371 τὰ
2259 1307 2650 1394 φρονήματα,

357 1426 358 1429 ’
397 1404 507 1471 καὶ
550 1404 660 1472 τὸν
702 1405 822 1492 μὲν
867 1405 1232 1471 ἐπανελθεῖν
1278 1404 1603 1478 δυσκλεῶς
1646 1401 1800 1492 μετ’·
1831 1407 2076 1493 ὀλίγων,
2123 1408 2271 1484 τοὺς
2303 1411 2372 1476 δὲ
2402 1411 2649 1488 λοιποὺς
2667 1425 2724 1483 10

397 1510 468 1576 ἔν.
509 1516 586 1599 τῇ
632 1511 952 1597 ναυμαχίᾳ
997 1515 1224 1576 πεσεῖν.

234 1644 238 1649 ·
308 1622 377 1681 27
582 1615 803 1701 Τούτῳ
864 1622 959 1701 τῷ
1021 1615 1266 1703 βασιλεῖ
1321 1616 1582 1701 ἔγγονος
1649 1615 1719 1692 ἐξ
1766 1616 2102 1704 Ἀριάδνης
2163 1625 2274 1705 τῆς
2336 1621 2648 1707 θυγατρὸς

395 1720 703 1807 ἐγεννήθη
752 1719 859 1787 καὶ
907 1719 1231 1806 Ζήνωνος,
1282 1721 1358 1785 ὃν
1402 1720 1647 1786 Λέοντα
1696 1719 2020 1806 ὀνομάσας
2067 1723 2306 1797 ἐκεῖνος
2348 1725 2646 1812 βασιλικῷ
2662 1741 2706 1799 D
2726 1743 2800 1803 1112

216 1854 219 1859 ¹
306 1833 376 1892 28
393 1832 617 1892 ταινιοῖ
657 1824 990 1910 διαδήματι
1037 1816 1145 1891 ἕπῖ
1181 1824 1349 1890 πάνυ
1396 1825 1588 1911 νηπίᾳ
1632 1831 1708 1912 τῇ
1755 1819 1981 1912 ἡλικίᾳ.
2073 1826 2182 1894 τὸν
2224 1828 2345 1915 γὰρ
2379 1828 2642 1916 Ζήνωνα

392 1936 467 2018 τῇ
511 1929 791 2017 βασιλείᾳ
835 1928 927 2015 μὴ
974 1930 1380 2015 προσήκοντα
1428 1931 1689 2014 ἔκρινεν,
1738 1930 1830 1996 ὅτι
1872 1932 2032 2017 μήτε
2077 1932 2190 2018 τὴν
2234 1934 2498 2020 γνώμην
2527 1934 2643 2022 εἶχε
2662 1952 2714 2010 15

389 2034 719 2120 βασιλικὴν
761 2035 919 2120 μήτε
963 2033 1095 2119 μὴν
1141 2032 1308 2105 εἶδος
1353 2033 1532 2109 ἄξιόν
1576 2035 1964 2119 τυραννίδος,
2014 2037 2169 2103 ἀλλὰ
2217 2038 2325 2103 καὶ
2353 2039 2468 2124 τὴν
2500 2040 2643 2124 ὄψιν

303 2138 471 2225 29ἧν
515 2139 985 2224 εἰδεχθὲστατος
1028 2137 1137 2203 καὶ
1181 2138 1295 2224 τὴν
1340 2137 1559 2224 ψυχὴν
1603 2138 1729 2225 εἶχε
1772 2147 1883 2225 τῆς
1926 2142 2150 2226 ὄψεως
2178 2143 2454 2229 χείρονα.
2548 2145 2639 2212 διὰ

388 2242 573 2310 τοῦτό
618 2267 775 2315 τινες
820 2243 1172 2328 ἱστοροῦσιν
1217 2243 1629 2328 ἀναιρεθῆναι
1665 2243 1775 2309 τὸν
1800 2244 2089 2331 Ἅσπαρα
2136 2247 2245 2335 καὶ
2288 2247 2398 2313 τὸν
2419 2248 2638 2333 Ἄρδα-

389 2441 459 2499 12
494 2441 571 2498 ὅτι
622 2439 710 2498 τόν
761 2441 904 2512 (om.
942 2439 1008 2510 C)
1058 2441 1272 2514 ἔγγονον
1318 2440 1483 2499 αὐτοῦ
1519 2440 1551 2498 ὀ
1585 2441 1744 2500 Λέων
1792 2406 1980 2517 &arsule
2024 2443 2306 2518 διαδήματι
2355 2443 2430 2508 εἷς
2485 2445 2636 2513 (διαδ.

386 2515 461 2579 είς
499 2531 616 2573 om.
656 2514 727 2582 E)
761 2515 979 2588 βασιλέα
1018 2513 1114 2572 ΟΕ
1219 2569 1222 2572 ,

497 2696 526 2753 1
566 2701 711 2754 ante
748 2696 889 2767 Βηρ.
929 2694 1069 2753 add.
1108 2703 1200 2769 τῆς
1238 2692 1493 2770 CDEwp
1651 2696 1687 2753 3
1723 2693 1953 2771 ἀπέβαλε
1990 2695 2235 2772 prDi
2272 2698 2478 2757 invitis
2515 2697 2630 2770 AR,

493 2783 550 2825 v.
586 2768 667 2825 ad
704 2768 845 2826 Xlll
890 2770 940 2840 1,
976 2765 1012 2826 ὅ
1179 2768 1216 2826 4
1253 2772 1391 2842 post
1424 2768 1503 2842 μὴ
1544 2767 1684 2826 add.
1721 2768 1782 2825 εὖ
1819 2770 1912 2826 καὶ
1951 2769 2165 2864 BEWP,
2203 2771 2262 2828 εὖ
2302 2771 2368 2842 R,
2407 2772 2497 2830 καὶ
2535 2772 2630 2834 Dw

491 2840 527 2898 5
563 2843 728 2911 ἕτεροι
767 2840 888 2911 ΑΕ,
926 2842 1073 2898 ἄλλοι
1114 2840 1262 2914 pr
1452 2842 1487 2898 6
1525 2841 1705 2914 λαβεῖν
1739 2841 1955 2899 πλεῖστα
1997 2864 2128 2916 φασι
2165 2844 2350 2915 (φασὶν
2392 2844 2460 2912 E)
2495 2844 2630 2916 παρὰ

491 2917 757 2986 γιζερίχου
784 2912 905 2986 ΑΕ,
941 2915 1158 2971 πλεῖστα
1181 2911 1328 2984 παρὰ
1353 2914 1620 2986 γιζερίχου
1647 2914 1777 2987 φασὶ
1803 2913 1983 2986 λαβεῖν
2010 2914 2183 2988 pr,
2223 2917 2403 2990 λαβεῖν
2425 2916 2629 2973 πλεῖστα

489 2987 631 3056 παρὰ
667 2988 934 3058 γιζερίχου
973 2988 1112 3058 φασί
1146 2986 1195 3042 lt
1403 2987 1435 3045 7
1475 2988 1791 3058 στρατηγίδα
1829 2988 1950 3059 ΛΕ,
1988 2990 2283 3060 ναυαρχίδα
2323 2988 2470 3061 pr

490 3059 523 3115 7
568 3061 687 3130 ἶηρη
725 3059 819 3115 καί
853 3059 1095 3129 πρύμναν
1134 3086 1200 3101 --
1239 3058 1602 3130 SVudmsosv
1642 3075 1756 3114 om.
1795 3058 1844 3115 E
2115 3062 2151 3116 8
2185 3061 2551 3131 κρουσάμενος
2587 3058 2628 3118 C

492 3131 562 3187 10
597 3133 912 3187 ὗπανελθεῖν
933 3132 980 3186 Ε
1124 3131 1319 3203 ὀλίγων
1339 3128 1595 3204 prDi,
1634 3128 1881 3224 ὀλίγονΑ
2029 3131 2096 3187 14
2198 3136 2291 3205 πίῃ
2327 3134 2465 3189 πάνυ
2488 3132 2626 3205 pr

491 3202 560 3260 15
594 3203 672 3276 μὴ
708 3203 933 3276 προςήκ.
971 3212 1036 3275 τῇ
1068 3206 1191 3277 βασ.
1232 3203 1381 3276 pr
1532 3204 1600 3259 18
1637 3225 1824 3260 τουτου
1863 3203 1934 3275 D,
1975 3154 2275 3266 col‘1·.v3')w

287 3399 359 3458 24
376 3400 752 3470 Basiliscum,
811 3402 1060 3458 fratrem
1118 3400 1374 3472 reginae
1410 3398 1692 3473 Verinae,
1728 3399 2004 3456 suffecit.
2080 3399 2196 3466 Qui
2248 3416 2386 3457 cum
2441 3400 2624 3457 classe

374 3490 619 3545 magna
642 3474 942 3530 adversus
981 3472 1328 3530 Gizericum
1365 3474 1679 3544 profectus
1717 3472 1777 3527 in
1806 3472 2016 3528 Africa
2049 3474 2396 3544 turpissime
2435 3475 2623 3530 victus

374 3551 467 3604 est
504 3553 564 3602 et
602 3547 894 3603 maiorem
935 3553 1168 3618 partem
1208 3545 1415 3602 classis
1455 3545 1669 3614 amisit,
1724 3549 1794 3613 ut
1831 3545 2106 3600 nonnulli
2150 3546 2376 3616 dicunt,
2435 3561 2512 3603 ex
2549 3551 2623 3601 te·

284 3619 355 3678 25
373 3621 655 3677 meritate
693 3624 879 3690 atque
916 3620 1157 3675 inscitia
1195 3619 1283 3674 rei
1322 3618 1593 3687 bellicae,
1632 3622 1703 3672 ut
1738 3617 1857 3685 alii,
1897 3633 2007 3689 per
2045 3617 2467 3689 proditionem.
2524 3618 2621 3674 Pe·

375 3693 558 3748 cunia
617 3693 777 3747 enim
835 3697 1090 3762 accepta
1146 3692 1225 3746 ab
1274 3689 1553 3747 Gizerico
1611 3690 1880 3745 maxima
1937 3690 2149 3744 dieunt
2205 3705 2343 3746 eum
2395 3692 2618 3763 proelio

372 3766 696 3821 commisso
745 3766 1112 3836 praetoriam
1160 3764 1467 3828 triremem
1515 3762 1772 3818 vertisse
1812 3767 1877 3819 *et
1916 3768 2078 3818 retro
2128 3762 2499 3824 inhibentem
2538 3765 2619 3818 su·

283 3837 354 3895 26
372 3838 555 3909 gisse,
606 3838 814 3907 itaque
862 3837 1079 3892 animis
1127 3837 1389 3891 incensis
1444 3835 1704 3890 hostium
1756 3850 2006 3891 suorum
2056 3836 2439 3891 comminutis
2487 3850 2617 3892 cum

372 3910 588 3982 paucis
627 3909 870 3965 domum
912 3910 1171 3980 turpiter
1207 3908 1454 3976 redisse,
1513 3908 1730 3963 ceteris
1779 3907 1984 3963 navali
2024 3923 2236 3980 pugna
2275 3907 2614 3964 intersectis.

284 3981 353 4041 27
552 3980 849 4053 Nepotem
887 3981 1028 4036 huic
1069 3981 1201 4051 reg-i
1241 3996 1318 4036 ex
1345 3979 1617 4035 Ariadne
1656 3980 1780 4036 iilia
1818 3987 1878 4036 et
1905 3980 2147 4036 Zenone
2174 3981 2448 4052 genitum
2476 3980 2616 4035 Leo·

372 4070 512 4110 nem
570 4054 838 4125 appellat
892 4058 953 4109 et
1009 4055 1182 4124 regio
1242 4058 1419 4108 ornat
1467 4053 1832 4122 diademate,
1890 4054 2172 4124 quamvis
2227 4054 2421 4125 prima
2468 4056 2616 4107 esset

284 4127 651 4187 28insantia.
724 4126 876 4183 Nam
933 4125 1237 4181 Zenonem
1292 4140 1488 4196 regno
1544 4141 1669 4180 non
1725 4125 2014 4181 idoneum
2070 4126 2399 4194 iudicabat,
2460 4122 2615 4196 quod

371 4213 575 4269 neque
613 4199 815 4254 animo
855 4203 987 4254 erat
1026 4199 1199 4269 regio
1240 4211 1442 4269 neque
1481 4197 1663 4253 etiam
1712 4198 1915 4269 specie
1965 4197 2156 4270 digna
2212 4198 2465 4270 imperio
2515 4194 2614 4252 sed

284 4273 479 4336 290re
518 4272 867 4327 taeterrimo
907 4274 967 4328 et
1005 4270 1207 4327 animo
1248 4270 1571 4339 deteriore,
1611 4273 1796 4342 quam
1823 4284 1945 4326 ore.
2021 4271 2323 4337 Quocirca
2348 4266 2614 4327 nonnulli

370 4348 627 4406 narrant
676 4342 949 4404 sublatos
1006 4357 1141 4401 esse
1189 4340 1496 4418 Asparem
1539 4347 1602 4401 et
1644 4339 2064 4420 ‘Ardaburium
2121 4343 2200 4400 ab
2257 4345 2613 4418 imperatore
