<?xml version="1.0" encoding="UTF-8"?>
<!DOCTYPE html PUBLIC "-//W3C//DTD XHTML 1.0 Transitional//EN"
    "http://www.w3.org/TR/xhtml1/DTD/xhtml1-transitional.dtd">
<html xmlns="http://www.w3.org/1999/xhtml" xml:lang="en" lang="en">
 <head>
  <title>
</title>
<meta http-equiv="Content-Type" content="text/html;charset=utf-8" />
  <meta name='ocr-system' content='tesseract 3.04.00' />
  <meta name='ocr-capabilities' content='ocr_page ocr_carea ocr_par ocr_line ocrx_word'/>
</head>
<body>
  <div class='ocr_page' id='page_1' title='image "./corpusscriptoru13berlgoog_0073.png"; bbox 0 0 2870 4966; ppageno 0'>
   <div class='ocr_carea' id='block_1_1' title="bbox 429 268 2116 395">
    <p class='ocr_par' dir='ltr' id='par_1_1' title="bbox 429 268 2116 395">
     <span class='ocr_line' id='line_1_1' title="bbox 429 268 2116 395; baseline 0.003 -18"><span class='ocrx_word' id='word_1_1' title='bbox 429 320 502 384; x_wconf 75' lang='lat'><strong><em>34</em></strong></span> <span class='ocrx_word' id='word_1_2' title='bbox 999 316 1275 382; x_wconf 79' lang='lat' dir='ltr'><strong>zoNAR.</strong></span> <span class='ocrx_word' id='word_1_3' title='bbox 1315 318 1517 382; x_wconf 76' lang='grc' dir='ltr'><strong><em>ΕΡῐτ.</em></strong></span> <span class='ocrx_word' id='word_1_4' title='bbox 1556 268 1705 391; x_wconf 78' lang='lat' dir='ltr'><strong><em>xm</em></strong></span> <span class='ocrx_word' id='word_1_5' title='bbox 1740 319 1792 395; x_wconf 76' lang='lat' dir='ltr'><strong>e,</strong></span> <span class='ocrx_word' id='word_1_6' title='bbox 1831 316 2026 395; x_wconf 71' lang='lat'><strong>15-7,</strong></span> <span class='ocrx_word' id='word_1_7' title='bbox 2063 317 2116 383; x_wconf 74' lang='grc'><strong><em>6.</em></strong></span> 
     </span>
    </p>
   </div>
   <div class='ocr_carea' id='block_1_2' title="bbox 333 504 2769 1645">
    <p class='ocr_par' dir='ltr' id='par_1_2' title="bbox 333 504 2769 1645">
     <span class='ocr_line' id='line_1_2' title="bbox 423 504 2687 601; baseline -0.001 -22"><span class='ocrx_word' id='word_1_8' title='bbox 423 511 600 600; x_wconf 79' lang='grc' dir='ltr'><strong><em>λίχνῃ</em></strong></span> <span class='ocrx_word' id='word_1_9' title='bbox 650 510 872 601; x_wconf 79' lang='grc' dir='ltr'><strong><em>Ἑλένῃ</em></strong></span> <span class='ocrx_word' id='word_1_10' title='bbox 927 510 1291 600; x_wconf 84' lang='grc' dir='ltr'><strong><em>καλουμένῃ</em></strong></span> <span class='ocrx_word' id='word_1_11' title='bbox 1347 509 1437 583; x_wconf 80' lang='grc' dir='ltr'><strong><em>είς</em></strong></span> <span class='ocrx_word' id='word_1_12' title='bbox 1500 508 1708 597; x_wconf 79' lang='grc' dir='ltr'><strong><em>ὄνομα</em></strong></span> <span class='ocrx_word' id='word_1_13' title='bbox 1772 514 1883 598; x_wconf 85' lang='grc' dir='ltr'><strong><em>τῆς</em></strong></span> <span class='ocrx_word' id='word_1_14' title='bbox 1938 507 2299 595; x_wconf 75' lang='grc' dir='ltr'><strong><em>βασιλίσσης</em></strong></span> <span class='ocrx_word' id='word_1_15' title='bbox 2351 505 2593 595; x_wconf 74' lang='grc' dir='ltr'><strong><em>ἐκείνης</em></strong></span> <span class='ocrx_word' id='word_1_16' title='bbox 2646 504 2687 576; x_wconf 78' lang='grc' dir='ltr'><strong><em>ὅ</em></strong></span> 
     </span>
     <span class='ocr_line' id='line_1_3' title="bbox 428 615 2102 706; baseline 0.001 -24"><span class='ocrx_word' id='word_1_17' title='bbox 428 615 736 692; x_wconf 86' lang='grc' dir='ltr'><strong><em>Κώνστας</em></strong></span> <span class='ocrx_word' id='word_1_18' title='bbox 780 617 1079 706; x_wconf 80' lang='grc' dir='ltr'><em>ἀνῄρητο.</em></span> <span class='ocrx_word' id='word_1_19' title='bbox 1886 667 1889 671; x_wconf 67' lang='grc'><strong>.</strong></span> <span class='ocrx_word' id='word_1_20' title='bbox 2099 666 2102 669; x_wconf 94' lang='grc'>-</span> 
     </span>
     <span class='ocr_line' id='line_1_4' title="bbox 333 716 2685 808; baseline 0 -23"><span class='ocrx_word' id='word_1_21' title='bbox 333 726 405 786; x_wconf 86' lang='grc'>16</span> <span class='ocrx_word' id='word_1_22' title='bbox 599 718 683 788; x_wconf 87' lang='lat' dir='ltr'><strong><em>‘O</em></strong></span> <span class='ocrx_word' id='word_1_23' title='bbox 723 720 844 808; x_wconf 84' lang='grc' dir='ltr'><strong><em>μὲν</em></strong></span> <span class='ocrx_word' id='word_1_24' title='bbox 889 719 1006 788; x_wconf 80' lang='grc' dir='ltr'><strong><em>οὖν</em></strong></span> <span class='ocrx_word' id='word_1_25' title='bbox 1052 720 1223 788; x_wconf 75' lang='grc' dir='ltr'><strong><em>οὕτω</em></strong></span> <span class='ocrx_word' id='word_1_26' title='bbox 1269 717 1612 807; x_wconf 79' lang='grc' dir='ltr'><strong><em>βεβιωκὼς</em></strong></span> <span class='ocrx_word' id='word_1_27' title='bbox 1655 716 1940 805; x_wconf 76' lang='grc' dir='ltr'><strong><em>ἀσελγῶς</em></strong></span> <span class='ocrx_word' id='word_1_28' title='bbox 1979 717 2186 791; x_wconf 72' lang='grc' dir='ltr'><strong><em>οὕτως</em></strong></span> <span class='ocrx_word' id='word_1_29' title='bbox 2216 717 2489 804; x_wconf 72' lang='grc' dir='ltr'><strong><em>οἰκτρῶς</em></strong></span> <span class='ocrx_word' id='word_1_30' title='bbox 2519 716 2685 785; x_wconf 74' lang='grc' dir='ltr'><strong><em>ἐστέ-</em></strong></span> 
     </span>
     <span class='ocr_line' id='line_1_5' title="bbox 333 819 2688 913; baseline -0.001 -23"><span class='ocrx_word' id='word_1_31' title='bbox 333 830 405 893; x_wconf 74' lang='grc' dir='ltr'>1Ί</span> <span class='ocrx_word' id='word_1_32' title='bbox 425 847 582 912; x_wconf 90' lang='grc' dir='ltr'><strong><em>ρητο</em></strong></span> <span class='ocrx_word' id='word_1_33' title='bbox 637 829 749 913; x_wconf 85' lang='grc' dir='ltr'><strong><em>τῆς</em></strong></span> <span class='ocrx_word' id='word_1_34' title='bbox 804 824 1003 912; x_wconf 80' lang='grc' dir='ltr'><strong><em>ζωῆς·</em></strong></span> <span class='ocrx_word' id='word_1_35' title='bbox 1070 824 1108 892; x_wconf 82' lang='grc' dir='ltr'><strong><em>ὀ</em></strong></span> <span class='ocrx_word' id='word_1_36' title='bbox 1165 822 1235 891; x_wconf 79' lang='grc' dir='ltr'><strong><em>δὲ</em></strong></span> <span class='ocrx_word' id='word_1_37' title='bbox 1280 821 1675 908; x_wconf 67' lang='grc' dir='ltr'><strong><em>ᾹῙαγνέντιος</em></strong></span> <span class='ocrx_word' id='word_1_38' title='bbox 1732 819 1892 890; x_wconf 80' lang='grc' dir='ltr'><strong><em>κατὰ</em></strong></span> <span class='ocrx_word' id='word_1_39' title='bbox 1949 821 2109 907; x_wconf 81' lang='grc' dir='ltr'><strong><em>ῥοῦν</em></strong></span> <span class='ocrx_word' id='word_1_40' title='bbox 2164 820 2343 907; x_wconf 74' lang='grc' dir='ltr'><strong><em>αύτῷ</em></strong></span> <span class='ocrx_word' id='word_1_41' title='bbox 2395 825 2526 888; x_wconf 91' lang='grc' dir='ltr'><strong><em>τῶν</em></strong></span> <span class='ocrx_word' id='word_1_42' title='bbox 2565 827 2688 910; x_wconf 77' lang='grc' dir='ltr'><strong><em>τῆς</em></strong></span> 
     </span>
     <span class='ocr_line' id='line_1_6' title="bbox 423 924 2739 1017; baseline -0.001 -23"><span class='ocrx_word' id='word_1_43' title='bbox 423 928 795 1015; x_wconf 89' lang='grc' dir='ltr'><strong><em>τυραννίδος</em></strong></span> <span class='ocrx_word' id='word_1_44' title='bbox 835 929 1275 1017; x_wconf 79' lang='grc' dir='ltr'><strong><em>χωρησάντων</em></strong></span> <span class='ocrx_word' id='word_1_45' title='bbox 1315 926 1715 1015; x_wconf 75' lang='grc' dir='ltr'><strong><em>πραγμάτων</em></strong></span> <span class='ocrx_word' id='word_1_46' title='bbox 1760 926 2115 995; x_wconf 71' lang='grc' dir='ltr'><strong><em>ἐσπούδασε</em></strong></span> <span class='ocrx_word' id='word_1_47' title='bbox 2159 929 2289 993; x_wconf 89' lang='grc' dir='ltr'><strong><em>τῶν</em></strong></span> <span class='ocrx_word' id='word_1_48' title='bbox 2332 924 2444 1000; x_wconf 84' lang='grc' dir='ltr'><strong><em>τὰς</em></strong></span> <span class='ocrx_word' id='word_1_49' title='bbox 2484 924 2739 1014; x_wconf 63' lang='grc' dir='ltr'><strong><em>ἀρχὰςῠ</em></strong></span> 
     </span>
     <span class='ocr_line' id='line_1_7' title="bbox 335 1028 2689 1122; baseline -0.002 -22"><span class='ocrx_word' id='word_1_50' title='bbox 335 1041 408 1100; x_wconf 87' lang='grc'>18</span> <span class='ocrx_word' id='word_1_51' title='bbox 426 1032 705 1122; x_wconf 76' lang='grc' dir='ltr'><strong><em>ἐχόντων</em></strong></span> <span class='ocrx_word' id='word_1_52' title='bbox 748 1033 896 1108; x_wconf 84' lang='grc' dir='ltr'><strong><em>τοὺς</em></strong></span> <span class='ocrx_word' id='word_1_53' title='bbox 939 1033 1417 1122; x_wconf 75' lang='grc' dir='ltr'><strong><em>λογιμωτάτους</em></strong></span> <span class='ocrx_word' id='word_1_54' title='bbox 1459 1033 1532 1100; x_wconf 82' lang='grc' dir='ltr'><strong><em>ἔκ</em></strong></span> <span class='ocrx_word' id='word_1_55' title='bbox 1561 1031 1763 1118; x_wconf 92' lang='grc' dir='ltr'><strong><em>μέσου</em></strong></span> <span class='ocrx_word' id='word_1_56' title='bbox 1793 1031 2203 1118; x_wconf 76' lang='grc' dir='ltr'><strong><em>ποιήσασθαι.</em></strong></span> <span class='ocrx_word' id='word_1_57' title='bbox 2296 1029 2404 1097; x_wconf 78' lang='grc' dir='ltr'><strong><em>καὶ</em></strong></span> <span class='ocrx_word' id='word_1_58' title='bbox 2436 1028 2689 1118; x_wconf 78' lang='grc' dir='ltr'><strong><em>γραφὰς</em></strong></span> 
     </span>
     <span class='ocr_line' id='line_1_8' title="bbox 423 1128 2690 1226; baseline -0.002 -21"><span class='ocrx_word' id='word_1_59' title='bbox 423 1138 828 1226; x_wconf 83' lang='grc' dir='ltr'><strong><em>πλασάμενος</em></strong></span> <span class='ocrx_word' id='word_1_60' title='bbox 888 1139 1054 1226; x_wconf 85' lang='grc' dir='ltr'><strong><em>πρὸς</em></strong></span> <span class='ocrx_word' id='word_1_61' title='bbox 1118 1137 1349 1212; x_wconf 81' lang='grc' dir='ltr'><strong><em>αὐτοὺς</em></strong></span> <span class='ocrx_word' id='word_1_62' title='bbox 1382 1137 1509 1212; x_wconf 72' lang='grc' dir='ltr'><strong><em>’ὡς</em></strong></span> <span class='ocrx_word' id='word_1_63' title='bbox 1573 1137 1646 1203; x_wconf 79' lang='grc' dir='ltr'><strong><em>ἐκ</em></strong></span> <span class='ocrx_word' id='word_1_64' title='bbox 1709 1141 1821 1203; x_wconf 85' lang='grc' dir='ltr'><strong><em>τοῦ</em></strong></span> <span class='ocrx_word' id='word_1_65' title='bbox 1886 1128 2307 1210; x_wconf 85' lang='grc' dir='ltr'><strong><em>Κώνσταντος</em></strong></span> <span class='ocrx_word' id='word_1_66' title='bbox 2369 1135 2690 1209; x_wconf 89' lang='grc' dir='ltr'><strong><em>σταλείσας</em></strong></span> 
     </span>
     <span class='ocr_line' id='line_1_9' title="bbox 425 1234 2689 1330; baseline -0.001 -23"><span class='ocrx_word' id='word_1_67' title='bbox 425 1244 638 1317; x_wconf 80' lang='grc' dir='ltr'><strong><em>αὐτοῖς</em></strong></span> <span class='ocrx_word' id='word_1_68' title='bbox 682 1244 1244 1330; x_wconf 86' lang='grc' dir='ltr'><strong><em>μετακαλουμένου</em></strong></span> <span class='ocrx_word' id='word_1_69' title='bbox 1290 1241 1553 1315; x_wconf 84' lang='grc' dir='ltr'><strong><em>τούτους</em></strong></span> <span class='ocrx_word' id='word_1_70' title='bbox 1599 1240 1800 1327; x_wconf 74' lang='grc' dir='ltr'><strong><em>δῆθεν</em></strong></span> <span class='ocrx_word' id='word_1_71' title='bbox 1848 1238 2014 1326; x_wconf 84' lang='grc' dir='ltr'><strong><em>πρὸς</em></strong></span> <span class='ocrx_word' id='word_1_72' title='bbox 2052 1239 2297 1324; x_wconf 75' lang='grc' dir='ltr'><strong><em>ἑαυτόν,</em></strong></span> <span class='ocrx_word' id='word_1_73' title='bbox 2343 1234 2499 1307; x_wconf 74' lang='grc' dir='ltr'><strong><em>καθ’</em></strong></span> <span class='ocrx_word' id='word_1_74' title='bbox 2534 1237 2689 1305; x_wconf 81' lang='grc' dir='ltr'><strong><em>ὁδὸν</em></strong></span> 
     </span>
     <span class='ocr_line' id='line_1_10' title="bbox 424 1342 2687 1435; baseline -0.002 -21"><span class='ocrx_word' id='word_1_75' title='bbox 424 1342 709 1435; x_wconf 79' lang='grc' dir='ltr'><strong><em>λοχήσας</em></strong></span> <span class='ocrx_word' id='word_1_76' title='bbox 764 1348 1089 1422; x_wconf 82' lang='grc' dir='ltr'><strong><em>πλείστους</em></strong></span> <span class='ocrx_word' id='word_1_77' title='bbox 1153 1347 1488 1422; x_wconf 83' lang='grc' dir='ltr'><strong><em>ἀπέκτεινε,</em></strong></span> <span class='ocrx_word' id='word_1_78' title='bbox 1552 1345 1720 1432; x_wconf 83' lang='grc' dir='ltr'><strong><em>μηδὲ</em></strong></span> <span class='ocrx_word' id='word_1_79' title='bbox 1782 1350 1912 1410; x_wconf 88' lang='grc' dir='ltr'><strong><em>τῶν</em></strong></span> <span class='ocrx_word' id='word_1_80' title='bbox 1975 1345 2229 1411; x_wconf 77' lang='grc' dir='ltr'><strong><em>οἵκείων</em></strong></span> <span class='ocrx_word' id='word_1_81' title='bbox 2292 1349 2687 1429; x_wconf 79' lang='grc' dir='ltr'><strong><em>συνωμοτῶν</em></strong></span> 
     </span>
     <span class='ocr_line' id='line_1_11' title="bbox 426 1449 2769 1538; baseline -0.002 -20"><span class='ocrx_word' id='word_1_82' title='bbox 426 1452 825 1538; x_wconf 83' lang='grc' dir='ltr'><strong><em>φειδόμενος,</em></strong></span> <span class='ocrx_word' id='word_1_83' title='bbox 874 1451 1029 1519; x_wconf 79' lang='grc' dir='ltr'><strong><em>ἀλλὰ</em></strong></span> <span class='ocrx_word' id='word_1_84' title='bbox 1077 1453 1186 1519; x_wconf 81' lang='grc' dir='ltr'><strong><em>καὶ</em></strong></span> <span class='ocrx_word' id='word_1_85' title='bbox 1230 1452 1492 1523; x_wconf 82' lang='grc' dir='ltr'><strong><em>τούτους</em></strong></span> <span class='ocrx_word' id='word_1_86' title='bbox 1540 1449 1953 1535; x_wconf 75' lang='grc' dir='ltr'><strong><em>διαφθείρων.</em></strong></span> <span class='ocrx_word' id='word_1_87' title='bbox 2710 1458 2769 1517; x_wconf 88' lang='grc'>10</span> 
     </span>
     <span class='ocr_line' id='line_1_12' title="bbox 336 1552 2686 1645; baseline -0.001 -24"><span class='ocrx_word' id='word_1_88' title='bbox 336 1563 406 1621; x_wconf 85' lang='grc'>19</span> <span class='ocrx_word' id='word_1_89' title='bbox 607 1555 736 1623; x_wconf 76' lang='grc' dir='ltr'><strong><em>Καὶ</em></strong></span> <span class='ocrx_word' id='word_1_90' title='bbox 781 1557 821 1623; x_wconf 87' lang='grc' dir='ltr'><strong><em>δ</em></strong></span> <span class='ocrx_word' id='word_1_91' title='bbox 864 1555 984 1645; x_wconf 78' lang='grc' dir='ltr'><strong><em>μὲν</em></strong></span> <span class='ocrx_word' id='word_1_92' title='bbox 1031 1558 1098 1624; x_wconf 77' lang='grc' dir='ltr'><strong><em>ἒν</em></strong></span> <span class='ocrx_word' id='word_1_93' title='bbox 1142 1555 1445 1629; x_wconf 85' lang='grc' dir='ltr'><strong><em>τοιούτοις</em></strong></span> <span class='ocrx_word' id='word_1_94' title='bbox 1492 1554 1587 1642; x_wconf 83' lang='grc' dir='ltr'><strong><em>ἦν,</em></strong></span> <span class='ocrx_word' id='word_1_95' title='bbox 1646 1556 1858 1639; x_wconf 75' lang='grc' dir='ltr'><strong><em>ἑαυτῷ</em></strong></span> <span class='ocrx_word' id='word_1_96' title='bbox 1911 1552 2250 1639; x_wconf 84' lang='grc' dir='ltr'><strong><em>κρατύνων</em></strong></span> <span class='ocrx_word' id='word_1_97' title='bbox 2302 1552 2415 1642; x_wconf 83' lang='grc' dir='ltr'><strong><em>τὴν</em></strong></span> <span class='ocrx_word' id='word_1_98' title='bbox 2459 1577 2686 1639; x_wconf 86' lang='grc' dir='ltr'><strong><em>τυραν-</em></strong></span> 
     </span>
    </p>
   </div>
   <div class='ocr_carea' id='block_1_3' title="bbox 357 1657 2766 2266">
    <p class='ocr_par' dir='ltr' id='par_1_3' title="bbox 357 1657 2766 2266">
     <span class='ocr_line' id='line_1_13' title="bbox 357 1657 2688 1746; baseline -0.001 -19"><span class='ocrx_word' id='word_1_99' title='bbox 357 1666 407 1727; x_wconf 85' lang='lat'><em>0</em></span> <span class='ocrx_word' id='word_1_100' title='bbox 427 1660 598 1726; x_wconf 86' lang='grc' dir='ltr'><strong><em>νίδα·</em></strong></span> <span class='ocrx_word' id='word_1_101' title='bbox 643 1667 739 1745; x_wconf 78' lang='grc' dir='ltr'><strong><em>τῷ</em></strong></span> <span class='ocrx_word' id='word_1_102' title='bbox 785 1660 855 1726; x_wconf 83' lang='grc' dir='ltr'><strong><em>δὲ</em></strong></span> <span class='ocrx_word' id='word_1_103' title='bbox 896 1659 1319 1746; x_wconf 83' lang='grc' dir='ltr'><strong><em>Κωνσταντίῳ</em></strong></span> <span class='ocrx_word' id='word_1_104' title='bbox 1364 1659 1473 1724; x_wconf 83' lang='grc' dir='ltr'><strong><em>τὸν</em></strong></span> <span class='ocrx_word' id='word_1_105' title='bbox 1518 1659 1799 1725; x_wconf 71' lang='grc' dir='ltr'><strong><em>θάνατον</em></strong></span> <span class='ocrx_word' id='word_1_106' title='bbox 1842 1659 2202 1744; x_wconf 76' lang='grc' dir='ltr'><strong><em>πυθομένῳ</em></strong></span> <span class='ocrx_word' id='word_1_107' title='bbox 2247 1664 2359 1725; x_wconf 83' lang='grc' dir='ltr'><strong><em>τοῦ</em></strong></span> <span class='ocrx_word' id='word_1_108' title='bbox 2406 1657 2688 1745; x_wconf 83' lang='grc' dir='ltr'><strong><em>ἀδελφοῦ</em></strong></span> 
     </span>
     <span class='ocr_line' id='line_1_14' title="bbox 428 1749 2689 1850; baseline -0 -20"><span class='ocrx_word' id='word_1_109' title='bbox 428 1764 743 1850; x_wconf 77' lang='grc' dir='ltr'><strong><em>ἐμερίζετο</em></strong></span> <span class='ocrx_word' id='word_1_110' title='bbox 797 1765 857 1850; x_wconf 79' lang='grc' dir='ltr'><strong><em>ῆ</em></strong></span> <span class='ocrx_word' id='word_1_111' title='bbox 896 1764 1137 1830; x_wconf 88' lang='grc' dir='ltr'><strong><em>διάνοια</em></strong></span> <span class='ocrx_word' id='word_1_112' title='bbox 1198 1749 1602 1849; x_wconf 67' lang='grc' dir='ltr'><strong><em>ἐννοουμένῳ</em></strong></span> <span class='ocrx_word' id='word_1_113' title='bbox 1656 1762 1926 1848; x_wconf 89' lang='grc' dir='ltr'><strong><em>πότερον</em></strong></span> <span class='ocrx_word' id='word_1_114' title='bbox 1980 1765 2059 1828; x_wconf 79' lang='grc' dir='ltr'><strong><em>ἂν</em></strong></span> <span class='ocrx_word' id='word_1_115' title='bbox 2111 1763 2565 1849; x_wconf 79' lang='grc' dir='ltr'><strong><em>προτιμήσαιτο</em></strong></span> <span class='ocrx_word' id='word_1_116' title='bbox 2618 1762 2689 1829; x_wconf 83' lang='grc' dir='ltr'><strong><em>τὸ</em></strong></span> 
     </span>
     <span class='ocr_line' id='line_1_15' title="bbox 426 1857 2687 1953; baseline -0.001 -20"><span class='ocrx_word' id='word_1_117' title='bbox 426 1867 711 1952; x_wconf 86' lang='grc' dir='ltr'><strong><em>Πέρσαις</em></strong></span> <span class='ocrx_word' id='word_1_118' title='bbox 755 1857 1341 1934; x_wconf 72' lang='grc' dir='ltr'><strong><em>ἀντικαθίστασθαι</em></strong></span> <span class='ocrx_word' id='word_1_119' title='bbox 1367 1868 1645 1952; x_wconf 88' lang='grc' dir='ltr'><strong><em>κείρουσι</em></strong></span> <span class='ocrx_word' id='word_1_120' title='bbox 1675 1867 1749 1932; x_wconf 86' lang='grc' dir='ltr'><strong><em>τὰ</em></strong></span> <span class='ocrx_word' id='word_1_121' title='bbox 1776 1866 2114 1952; x_wconf 84' lang='grc' dir='ltr'><strong><em>Ῥωμαίοις</em></strong></span> <span class='ocrx_word' id='word_1_122' title='bbox 2150 1867 2408 1953; x_wconf 78' lang='grc' dir='ltr'><strong><em>ὑπήκοα</em></strong></span> <span class='ocrx_word' id='word_1_123' title='bbox 2457 1870 2497 1952; x_wconf 86' lang='grc' dir='ltr'><em>ἢ</em></span> <span class='ocrx_word' id='word_1_124' title='bbox 2544 1866 2687 1932; x_wconf 81' lang='grc' dir='ltr'><strong><em>τού-</em></strong></span> 
     </span>
     <span class='ocr_line' id='line_1_16' title="bbox 425 1971 2766 2058; baseline -0.002 -20"><span class='ocrx_word' id='word_1_125' title='bbox 425 1995 557 2038; x_wconf 90' lang='grc' dir='ltr'><strong><em>των</em></strong></span> <span class='ocrx_word' id='word_1_126' title='bbox 599 1971 764 2038; x_wconf 83' lang='grc' dir='ltr'><strong><em>’κατά</em></strong></span> <span class='ocrx_word' id='word_1_127' title='bbox 812 1995 880 2056; x_wconf 90' lang='grc' dir='ltr'><strong><em>γε</em></strong></span> <span class='ocrx_word' id='word_1_128' title='bbox 924 1971 996 2037; x_wconf 85' lang='grc' dir='ltr'><strong><em>τὸ</em></strong></span> <span class='ocrx_word' id='word_1_129' title='bbox 1040 1971 1251 2055; x_wconf 80' lang='grc' dir='ltr'><strong><em>παρὸν</em></strong></span> <span class='ocrx_word' id='word_1_130' title='bbox 1297 1971 1604 2058; x_wconf 85' lang='grc' dir='ltr'><strong><em>ἀμελῆσαι</em></strong></span> <span class='ocrx_word' id='word_1_131' title='bbox 1650 1971 1758 2036; x_wconf 82' lang='grc' dir='ltr'><strong><em>καὶ</em></strong></span> <span class='ocrx_word' id='word_1_132' title='bbox 1803 1978 2097 2057; x_wconf 88' lang='grc' dir='ltr'><strong><em>χωρῆσαι</em></strong></span> <span class='ocrx_word' id='word_1_133' title='bbox 2126 1971 2288 2038; x_wconf 82' lang='grc' dir='ltr'><strong><em>κατὰ</em></strong></span> <span class='ocrx_word' id='word_1_134' title='bbox 2319 1976 2431 2036; x_wconf 82' lang='grc' dir='ltr'><strong><em>τοῦ</em></strong></span> <span class='ocrx_word' id='word_1_135' title='bbox 2461 1978 2766 2056; x_wconf 57' lang='lat' dir='ltr'><strong>wear-15</strong></span> 
     </span>
     <span class='ocr_line' id='line_1_17' title="bbox 395 2071 2689 2161; baseline -0 -20"><span class='ocrx_word' id='word_1_136' title='bbox 395 2071 752 2161; x_wconf 65' lang='grc' dir='ltr'><strong><em>’νήσαντος,</em></strong></span> <span class='ocrx_word' id='word_1_137' title='bbox 813 2077 910 2141; x_wconf 74' lang='grc' dir='ltr'><strong><em>ἵνα</em></strong></span> <span class='ocrx_word' id='word_1_138' title='bbox 968 2076 1076 2142; x_wconf 86' lang='grc' dir='ltr'><strong><em>καὶ</em></strong></span> <span class='ocrx_word' id='word_1_139' title='bbox 1131 2074 1241 2141; x_wconf 86' lang='grc' dir='ltr'><strong><em>τὸν</em></strong></span> <span class='ocrx_word' id='word_1_140' title='bbox 1284 2081 1397 2140; x_wconf 85' lang='grc' dir='ltr'><strong><em>τοῦ</em></strong></span> <span class='ocrx_word' id='word_1_141' title='bbox 1445 2075 1758 2159; x_wconf 84' lang='grc' dir='ltr'><strong><em>συγγόνου</em></strong></span> <span class='ocrx_word' id='word_1_142' title='bbox 1804 2075 2033 2141; x_wconf 83' lang='grc' dir='ltr'><strong><em>τίσαιτο</em></strong></span> <span class='ocrx_word' id='word_1_143' title='bbox 2079 2075 2283 2161; x_wconf 81' lang='grc' dir='ltr'><strong><em>φόνον</em></strong></span> <span class='ocrx_word' id='word_1_144' title='bbox 2327 2073 2436 2141; x_wconf 78' lang='grc' dir='ltr'><strong><em>καὶ</em></strong></span> <span class='ocrx_word' id='word_1_145' title='bbox 2481 2075 2689 2161; x_wconf 76' lang='grc' dir='ltr'><strong><em>ἑαυτῷ</em></strong></span> 
     </span>
     <span class='ocr_line' id='line_1_18' title="bbox 426 2177 1368 2266; baseline -0.001 -22"><span class='ocrx_word' id='word_1_146' title='bbox 426 2179 927 2266; x_wconf 84' lang='grc' dir='ltr'><strong><em>προσποιήσαιτο</em></strong></span> <span class='ocrx_word' id='word_1_147' title='bbox 972 2177 1047 2243; x_wconf 84' lang='grc' dir='ltr'><strong><em>τὰ</em></strong></span> <span class='ocrx_word' id='word_1_148' title='bbox 1094 2178 1368 2262; x_wconf 81' lang='grc' dir='ltr'><strong><em>ἑσπέρια.</em></strong></span> 
     </span>
    </p>
   </div>
   <div class='ocr_carea' id='block_1_4' title="bbox 468 2371 2692 3244">
    <p class='ocr_par' dir='ltr' id='par_1_4' title="bbox 538 2371 2689 2519">
     <span class='ocr_line' id='line_1_19' title="bbox 541 2371 2688 2449; baseline 0.002 -18"><span class='ocrx_word' id='word_1_149' title='bbox 541 2376 568 2431; x_wconf 90' lang='grc'>1</span> <span class='ocrx_word' id='word_1_150' title='bbox 609 2375 758 2447; x_wconf 76' lang='grc' dir='ltr'><strong><em>ἕλένη</em></strong></span> <span class='ocrx_word' id='word_1_151' title='bbox 798 2371 1012 2444; x_wconf 76' lang='lat' dir='ltr'><strong>RwDi,</strong></span> <span class='ocrx_word' id='word_1_152' title='bbox 1050 2373 1200 2446; x_wconf 75' lang='grc' dir='ltr'><strong><em>ἕλένη</em></strong></span> <span class='ocrx_word' id='word_1_153' title='bbox 1241 2371 1312 2444; x_wconf 89' lang='grc' dir='ltr'>Α,</span> <span class='ocrx_word' id='word_1_154' title='bbox 1352 2390 1409 2431; x_wconf 80' lang='lat' dir='ltr'><strong><em>v.</em></strong></span> <span class='ocrx_word' id='word_1_155' title='bbox 1452 2375 1532 2432; x_wconf 79' lang='lat' dir='ltr'><strong><em>ad</em></strong></span> <span class='ocrx_word' id='word_1_156' title='bbox 1570 2374 1719 2432; x_wconf 79' lang='lat' dir='ltr'>XIII</span> <span class='ocrx_word' id='word_1_157' title='bbox 1759 2376 1807 2446; x_wconf 90' lang='grc'><strong><em>1,</em></strong></span> <span class='ocrx_word' id='word_1_158' title='bbox 1846 2374 1882 2433; x_wconf 79' lang='lat'><strong>2</strong></span> <span class='ocrx_word' id='word_1_159' title='bbox 2036 2376 2072 2432; x_wconf 84' lang='lat'><strong>3</strong></span> <span class='ocrx_word' id='word_1_160' title='bbox 2107 2377 2280 2432; x_wconf 80' lang='grc' dir='ltr'><strong><em>οὕτω</em></strong></span> <span class='ocrx_word' id='word_1_161' title='bbox 2315 2374 2688 2449; x_wconf 72' lang='grc' dir='ltr'><strong><em>βεβιωκώς-</em></strong></span> 
     </span>
     <span class='ocr_line' id='line_1_20' title="bbox 538 2445 2689 2519; baseline -0 -14"><span class='ocrx_word' id='word_1_162' title='bbox 538 2449 770 2511; x_wconf 75' lang='grc' dir='ltr'><strong><em>οὕτως</em></strong></span> <span class='ocrx_word' id='word_1_163' title='bbox 807 2446 1060 2519; x_wconf 78' lang='grc' dir='ltr'><strong><em>οἰκτρῶς]</em></strong></span> <span class='ocrx_word' id='word_1_164' title='bbox 1119 2445 1281 2505; x_wconf 89' lang='lat' dir='ltr'><strong>Ante</strong></span> <span class='ocrx_word' id='word_1_165' title='bbox 1337 2454 1751 2505; x_wconf 81' lang='lat' dir='ltr'><strong>consonantes</strong></span> <span class='ocrx_word' id='word_1_166' title='bbox 1808 2448 2058 2506; x_wconf 75' lang='lat' dir='ltr'><strong>adhibet</strong></span> <span class='ocrx_word' id='word_1_167' title='bbox 2108 2448 2379 2506; x_wconf 78' lang='lat' dir='ltr'><strong>Zonaras</strong></span> <span class='ocrx_word' id='word_1_168' title='bbox 2434 2450 2574 2505; x_wconf 80' lang='grc' dir='ltr'><strong><em>οὕτω</em></strong></span> <span class='ocrx_word' id='word_1_169' title='bbox 2630 2453 2689 2505; x_wconf 89' lang='lat' dir='ltr'><strong><em>et</em></strong></span> 
     </span>
    </p>

    <p class='ocr_par' dir='ltr' id='par_1_5' title="bbox 468 2519 2692 3244">
     <span class='ocr_line' id='line_1_21' title="bbox 468 2519 2689 2594; baseline 0.002 -22"><span class='ocrx_word' id='word_1_170' title='bbox 468 2565 472 2571; x_wconf 76' lang='grc'>,</span> <span class='ocrx_word' id='word_1_171' title='bbox 538 2522 728 2592; x_wconf 81' lang='grc' dir='ltr'><strong><em>οὕτως,</em></strong></span> <span class='ocrx_word' id='word_1_172' title='bbox 788 2527 933 2577; x_wconf 83' lang='lat' dir='ltr'><strong>ante</strong></span> <span class='ocrx_word' id='word_1_173' title='bbox 970 2521 1217 2577; x_wconf 82' lang='lat' dir='ltr'><strong>vocales</strong></span> <span class='ocrx_word' id='word_1_174' title='bbox 1265 2525 1620 2578; x_wconf 81' lang='lat' dir='ltr'><strong>constanter</strong></span> <span class='ocrx_word' id='word_1_175' title='bbox 1656 2523 1856 2594; x_wconf 63' lang='lat' dir='ltr'><strong><em>affirmet,</em></strong></span> <span class='ocrx_word' id='word_1_176' title='bbox 1910 2538 1968 2577; x_wconf 86' lang='lat' dir='ltr'><strong><em>v.</em></strong></span> <span class='ocrx_word' id='word_1_177' title='bbox 2008 2521 2154 2577; x_wconf 91' lang='lat' dir='ltr'>XIII</span> <span class='ocrx_word' id='word_1_178' title='bbox 2191 2522 2279 2593; x_wconf 82' lang='grc'><strong><em>21,</em></strong></span> <span class='ocrx_word' id='word_1_179' title='bbox 2317 2522 2368 2578; x_wconf 83' lang='grc'><strong><em>6.</em></strong></span> <span class='ocrx_word' id='word_1_180' title='bbox 2410 2522 2496 2578; x_wconf 91' lang='grc'>11.</span> <span class='ocrx_word' id='word_1_181' title='bbox 2551 2519 2689 2577; x_wconf 89' lang='lat' dir='ltr'><strong><em>XIV</em></strong></span> 
     </span>
     <span class='ocr_line' id='line_1_22' title="bbox 541 2591 2687 2665; baseline 0 -17"><span class='ocrx_word' id='word_1_182' title='bbox 541 2594 592 2661; x_wconf 83' lang='lat'><strong><em>6,</em></strong></span> <span class='ocrx_word' id='word_1_183' title='bbox 631 2593 719 2649; x_wconf 83' lang='grc'><strong><em>24.</em></strong></span> <span class='ocrx_word' id='word_1_184' title='bbox 758 2594 845 2661; x_wconf 78' lang='grc'>20,</span> <span class='ocrx_word' id='word_1_185' title='bbox 884 2593 936 2649; x_wconf 88' lang='grc'><strong><em>5.</em></strong></span> <span class='ocrx_word' id='word_1_186' title='bbox 975 2592 1062 2662; x_wconf 82' lang='grc'><strong><em>21,</em></strong></span> <span class='ocrx_word' id='word_1_187' title='bbox 1103 2592 1190 2648; x_wconf 80' lang='lat'><strong><em>21.</em></strong></span> <span class='ocrx_word' id='word_1_188' title='bbox 1229 2593 1317 2662; x_wconf 79' lang='lat'><strong><em>27,</em></strong></span> <span class='ocrx_word' id='word_1_189' title='bbox 1355 2593 1407 2649; x_wconf 83' lang='lat'><strong><em>4.</em></strong></span> <span class='ocrx_word' id='word_1_190' title='bbox 1464 2593 1573 2649; x_wconf 90' lang='lat' dir='ltr'><strong><em>XV</em></strong></span> <span class='ocrx_word' id='word_1_191' title='bbox 1614 2594 1698 2663; x_wconf 90' lang='grc'><strong><em>11,</em></strong></span> <span class='ocrx_word' id='word_1_192' title='bbox 1739 2594 1809 2650; x_wconf 82' lang='lat'><strong><em>15</em></strong></span> <span class='ocrx_word' id='word_1_193' title='bbox 1848 2598 1961 2650; x_wconf 81' lang='lat' dir='ltr'><strong>cet.</strong></span> <span class='ocrx_word' id='word_1_194' title='bbox 2176 2592 2213 2649; x_wconf 85' lang='lat'>4</span> <span class='ocrx_word' id='word_1_195' title='bbox 2248 2594 2397 2664; x_wconf 77' lang='grc' dir='ltr'><strong><em>αὐτῷ</em></strong></span> <span class='ocrx_word' id='word_1_196' title='bbox 2435 2591 2687 2665; x_wconf 84' lang='lat' dir='ltr'><strong>prDi,</strong></span> 
     </span>
     <span class='ocr_line' id='line_1_23' title="bbox 541 2665 2688 2737; baseline -0 -16"><span class='ocrx_word' id='word_1_197' title='bbox 541 2666 721 2721; x_wconf 82' lang='grc' dir='ltr'><strong><em>αὐτῶν</em></strong></span> <span class='ocrx_word' id='word_1_198' title='bbox 757 2665 811 2720; x_wconf 90' lang='grc' dir='ltr'><strong>Α</strong></span> <span class='ocrx_word' id='word_1_199' title='bbox 958 2666 993 2721; x_wconf 82' lang='grc'>6</span> <span class='ocrx_word' id='word_1_200' title='bbox 1029 2666 1419 2737; x_wconf 86' lang='grc' dir='ltr'><strong><em>λογιμωτέρους</em></strong></span> <span class='ocrx_word' id='word_1_201' title='bbox 1462 2666 1625 2737; x_wconf 76' lang='lat' dir='ltr'><strong><em>pr,</em></strong></span> <span class='ocrx_word' id='word_1_202' title='bbox 1667 2682 1724 2723; x_wconf 86' lang='lat' dir='ltr'><strong><em>v.</em></strong></span> <span class='ocrx_word' id='word_1_203' title='bbox 1764 2667 1845 2722; x_wconf 80' lang='lat' dir='ltr'><strong><em>ad</em></strong></span> <span class='ocrx_word' id='word_1_204' title='bbox 1884 2666 2031 2723; x_wconf 84' lang='lat' dir='ltr'>XIII</span> <span class='ocrx_word' id='word_1_205' title='bbox 2067 2666 2118 2735; x_wconf 84' lang='lat'><strong><em>3,</em></strong></span> <span class='ocrx_word' id='word_1_206' title='bbox 2159 2667 2193 2720; x_wconf 85' lang='grc'><strong>6</strong></span> <span class='ocrx_word' id='word_1_207' title='bbox 2337 2667 2388 2721; x_wconf 85' lang='grc'><strong><em>6.</em></strong></span> <span class='ocrx_word' id='word_1_208' title='bbox 2428 2666 2461 2722; x_wconf 79' lang='grc'><strong>7</strong></span> <span class='ocrx_word' id='word_1_209' title='bbox 2496 2665 2688 2721; x_wconf 85' lang='grc' dir='ltr'><strong><em>πλασά·</em></strong></span> 
     </span>
     <span class='ocr_line' id='line_1_24' title="bbox 541 2737 2688 2811; baseline -0 -18"><span class='ocrx_word' id='word_1_210' title='bbox 541 2759 702 2807; x_wconf 87' lang='grc' dir='ltr'><strong><em>μενος</em></strong></span> <span class='ocrx_word' id='word_1_211' title='bbox 721 2737 932 2810; x_wconf 77' lang='grc' dir='ltr'><strong><em>γραφὰς</em></strong></span> <span class='ocrx_word' id='word_1_212' title='bbox 964 2737 1112 2809; x_wconf 84' lang='lat' dir='ltr'><strong>pr</strong></span> <span class='ocrx_word' id='word_1_213' title='bbox 1259 2739 1292 2793; x_wconf 80' lang='grc' dir='ltr'><strong><em>’Ζ</em></strong></span> <span class='ocrx_word' id='word_1_214' title='bbox 1330 2739 1600 2799; x_wconf 83' lang='grc' dir='ltr'><strong><em>σταλείσας</em></strong></span> <span class='ocrx_word' id='word_1_215' title='bbox 1620 2737 1842 2811; x_wconf 82' lang='lat' dir='ltr'><strong><em>Apr,</em></strong></span> <span class='ocrx_word' id='word_1_216' title='bbox 1882 2740 2085 2800; x_wconf 79' lang='grc' dir='ltr'><strong><em>στείλας</em></strong></span> <span class='ocrx_word' id='word_1_217' title='bbox 2106 2740 2153 2795; x_wconf 79' lang='grc' dir='ltr'>Ε</span> <span class='ocrx_word' id='word_1_218' title='bbox 2298 2740 2333 2794; x_wconf 86' lang='grc'><strong>8</strong></span> <span class='ocrx_word' id='word_1_219' title='bbox 2367 2737 2688 2809; x_wconf 85' lang='grc' dir='ltr'><strong><em>μετακαλού-</em></strong></span> 
     </span>
     <span class='ocr_line' id='line_1_25' title="bbox 538 2809 2687 2882; baseline 0 -17"><span class='ocrx_word' id='word_1_220' title='bbox 538 2831 700 2882; x_wconf 85' lang='grc' dir='ltr'><strong><em>μενος</em></strong></span> <span class='ocrx_word' id='word_1_221' title='bbox 737 2812 937 2871; x_wconf 87' lang='grc' dir='ltr'><strong><em>τούτοις</em></strong></span> <span class='ocrx_word' id='word_1_222' title='bbox 974 2809 1046 2879; x_wconf 82' lang='grc' dir='ltr'>Α,</span> <span class='ocrx_word' id='word_1_223' title='bbox 1101 2811 1574 2880; x_wconf 82' lang='grc' dir='ltr'><strong><em>μετακαλουμένου</em></strong></span> <span class='ocrx_word' id='word_1_224' title='bbox 1612 2811 1830 2872; x_wconf 88' lang='grc' dir='ltr'><strong><em>τούτους</em></strong></span> <span class='ocrx_word' id='word_1_225' title='bbox 1870 2810 2069 2880; x_wconf 78' lang='grc' dir='ltr'>ΒΟὒὶ,</span> <span class='ocrx_word' id='word_1_226' title='bbox 2125 2811 2588 2881; x_wconf 82' lang='grc' dir='ltr'><strong><em>μετακαλουμένας</em></strong></span> <span class='ocrx_word' id='word_1_227' title='bbox 2625 2810 2687 2878; x_wconf 86' lang='grc' dir='ltr'>Ε,</span> 
     </span>
     <span class='ocr_line' id='line_1_26' title="bbox 538 2882 2691 2954; baseline -0.001 -16"><span class='ocrx_word' id='word_1_228' title='bbox 538 2883 1004 2954; x_wconf 83' lang='grc' dir='ltr'><strong><em>μετάκαλουμένας</em></strong></span> <span class='ocrx_word' id='word_1_229' title='bbox 1042 2884 1257 2944; x_wconf 85' lang='grc' dir='ltr'><strong><em>τούτους</em></strong></span> <span class='ocrx_word' id='word_1_230' title='bbox 1293 2883 1402 2939; x_wconf 82' lang='lat' dir='ltr'><strong>Sed</strong></span> <span class='ocrx_word' id='word_1_231' title='bbox 1441 2883 1656 2943; x_wconf 82' lang='grc' dir='ltr'><strong><em>τούτους</em></strong></span> <span class='ocrx_word' id='word_1_232' title='bbox 1694 2884 1918 2940; x_wconf 78' lang='lat' dir='ltr'><strong>lineola</strong></span> <span class='ocrx_word' id='word_1_233' title='bbox 1957 2889 2232 2940; x_wconf 76' lang='lat' dir='ltr'><strong>notatum</strong></span> <span class='ocrx_word' id='word_1_234' title='bbox 2259 2882 2332 2953; x_wconf 89' lang='lat' dir='ltr'><strong><em>D,</em></strong></span> <span class='ocrx_word' id='word_1_235' title='bbox 2369 2882 2691 2949; x_wconf 79' lang='grc' dir='ltr'><strong><em>μετακαλου·</em></strong></span> 
     </span>
     <span class='ocr_line' id='line_1_27' title="bbox 538 2953 2689 3027; baseline -0 -17"><span class='ocrx_word' id='word_1_236' title='bbox 538 2955 705 3026; x_wconf 82' lang='grc' dir='ltr'><strong><em>μένου</em></strong></span> <span class='ocrx_word' id='word_1_237' title='bbox 743 2972 839 3027; x_wconf 82' lang='lat' dir='ltr'><strong><em>wp</em></strong></span> <span class='ocrx_word' id='word_1_238' title='bbox 1004 2955 1164 3011; x_wconf 78' lang='grc' dir='ltr'><strong><em>αὐτὸν</em></strong></span> <span class='ocrx_word' id='word_1_239' title='bbox 1203 2955 1250 3011; x_wconf 82' lang='grc' dir='ltr'>Ε</span> <span class='ocrx_word' id='word_1_240' title='bbox 1412 2955 1449 3011; x_wconf 87' lang='grc'><strong>9</strong></span> <span class='ocrx_word' id='word_1_241' title='bbox 1486 2963 1798 3025; x_wconf 87' lang='grc' dir='ltr'><strong><em>συνομοτῶν</em></strong></span> <span class='ocrx_word' id='word_1_242' title='bbox 1837 2955 2068 3027; x_wconf 60' lang='lat' dir='ltr'><strong><em>8⁵·pr</em></strong></span> <span class='ocrx_word' id='word_1_243' title='bbox 2238 2955 2305 3011; x_wconf 87' lang='lat'><strong><em>13</em></strong></span> <span class='ocrx_word' id='word_1_244' title='bbox 2343 2956 2578 3015; x_wconf 88' lang='grc' dir='ltr'><strong><em>διανοίας</em></strong></span> <span class='ocrx_word' id='word_1_245' title='bbox 2618 2953 2689 3021; x_wconf 87' lang='lat' dir='ltr'><strong><em>D,</em></strong></span> 
     </span>
     <span class='ocr_line' id='line_1_28' title="bbox 545 3027 2692 3100; baseline -0.001 -17"><span class='ocrx_word' id='word_1_246' title='bbox 545 3043 698 3084; x_wconf 83' lang='lat' dir='ltr'><strong>corr.</strong></span> <span class='ocrx_word' id='word_1_247' title='bbox 738 3027 842 3088; x_wconf 85' lang='lat' dir='ltr'><strong><em>Dw</em></strong></span> <span class='ocrx_word' id='word_1_248' title='bbox 1033 3027 1368 3098; x_wconf 77' lang='grc' dir='ltr'><strong><em>ἐννοουμένῳ</em></strong></span> <span class='ocrx_word' id='word_1_249' title='bbox 1408 3033 1546 3100; x_wconf 82' lang='lat' dir='ltr'><strong>post</strong></span> <span class='ocrx_word' id='word_1_250' title='bbox 1581 3028 1966 3099; x_wconf 85' lang='grc' dir='ltr'><strong><em>προτιμήσαιτο</em></strong></span> <span class='ocrx_word' id='word_1_251' title='bbox 2005 3027 2118 3097; x_wconf 83' lang='lat' dir='ltr'><strong><em>BC,</em></strong></span> <span class='ocrx_word' id='word_1_252' title='bbox 2173 3027 2520 3097; x_wconf 78' lang='grc' dir='ltr'><strong><em>ἐννοούμενος</em></strong></span> <span class='ocrx_word' id='word_1_253' title='bbox 2558 3031 2692 3097; x_wconf 82' lang='lat' dir='ltr'><strong>post</strong></span> 
     </span>
     <span class='ocr_line' id='line_1_29' title="bbox 540 3097 2691 3171; baseline -0.001 -17"><span class='ocrx_word' id='word_1_254' title='bbox 540 3101 925 3171; x_wconf 82' lang='grc' dir='ltr'><strong><em>προτιμήσαιτο</em></strong></span> <span class='ocrx_word' id='word_1_255' title='bbox 952 3099 1024 3169; x_wconf 88' lang='lat' dir='ltr'><strong><em>D,</em></strong></span> <span class='ocrx_word' id='word_1_256' title='bbox 1063 3115 1218 3156; x_wconf 82' lang='lat' dir='ltr'><strong>corr.</strong></span> <span class='ocrx_word' id='word_1_257' title='bbox 1241 3099 1346 3160; x_wconf 79' lang='lat' dir='ltr'><strong><em>Dw</em></strong></span> <span class='ocrx_word' id='word_1_258' title='bbox 1496 3098 1563 3154; x_wconf 87' lang='grc'><strong><em>14</em></strong></span> <span class='ocrx_word' id='word_1_259' title='bbox 1601 3101 1889 3169; x_wconf 65' lang='grc' dir='ltr'><strong><em>φθείρουσι</em></strong></span> <span class='ocrx_word' id='word_1_260' title='bbox 1931 3100 1979 3155; x_wconf 87' lang='grc' dir='ltr'>Ε</span> <span class='ocrx_word' id='word_1_261' title='bbox 2061 3121 2065 3126; x_wconf 93' lang='grc'><strong><em>·</em></strong></span> <span class='ocrx_word' id='word_1_262' title='bbox 2122 3109 2275 3157; x_wconf 84' lang='grc' dir='ltr'><strong><em>τοῦτο</em></strong></span> <span class='ocrx_word' id='word_1_263' title='bbox 2302 3100 2375 3168; x_wconf 89' lang='lat' dir='ltr'><strong><em>D,</em></strong></span> <span class='ocrx_word' id='word_1_264' title='bbox 2414 3115 2570 3156; x_wconf 78' lang='lat' dir='ltr'><strong>corr.</strong></span> <span class='ocrx_word' id='word_1_265' title='bbox 2590 3097 2691 3158; x_wconf 83' lang='lat' dir='ltr'><strong><em>Dw</em></strong></span> 
     </span>
     <span class='ocr_line' id='line_1_30' title="bbox 544 3170 2493 3244; baseline 0.001 -18"><span class='ocrx_word' id='word_1_266' title='bbox 544 3172 614 3228; x_wconf 81' lang='grc'>16</span> <span class='ocrx_word' id='word_1_267' title='bbox 652 3174 850 3243; x_wconf 84' lang='grc' dir='ltr'><strong><em>τίσηται</em></strong></span> <span class='ocrx_word' id='word_1_268' title='bbox 891 3170 1040 3244; x_wconf 86' lang='lat' dir='ltr'>pr</span> <span class='ocrx_word' id='word_1_269' title='bbox 1190 3171 1257 3228; x_wconf 81' lang='lat'><strong><em>17</em></strong></span> <span class='ocrx_word' id='word_1_270' title='bbox 1293 3180 1648 3243; x_wconf 86' lang='grc' dir='ltr'><strong><em>προςποιῆσαι</em></strong></span> <span class='ocrx_word' id='word_1_271' title='bbox 1689 3172 1745 3227; x_wconf 80' lang='grc' dir='ltr'><strong><em>τὸ</em></strong></span> <span class='ocrx_word' id='word_1_272' title='bbox 1781 3173 1846 3241; x_wconf 85' lang='grc' dir='ltr'>Ε,</span> <span class='ocrx_word' id='word_1_273' title='bbox 1889 3173 2306 3244; x_wconf 83' lang='grc' dir='ltr'><strong><em>προςποιήσηται</em></strong></span> <span class='ocrx_word' id='word_1_274' title='bbox 2345 3170 2493 3243; x_wconf 84' lang='lat' dir='ltr'>pr</span> 
     </span>
    </p>
   </div>
   <div class='ocr_carea' id='block_1_5' title="bbox 311 3369 2691 4458">
    <p class='ocr_par' dir='ltr' id='par_1_6' title="bbox 435 3369 2690 3501">
     <span class='ocr_line' id='line_1_31' title="bbox 435 3369 2690 3501; baseline -0 -74"><span class='ocrx_word' id='word_1_275' title='bbox 435 3369 665 3501; x_wconf 63' lang='lat' dir='ltr'><strong>giduio,</strong></span> <span class='ocrx_word' id='word_1_276' title='bbox 707 3369 805 3427; x_wconf 89' lang='lat' dir='ltr'><strong><em>cui</em></strong></span> <span class='ocrx_word' id='word_1_277' title='bbox 845 3370 922 3428; x_wconf 90' lang='lat' dir='ltr'><strong><em>de</em></strong></span> <span class='ocrx_word' id='word_1_278' title='bbox 960 3371 1215 3442; x_wconf 79' lang='lat' dir='ltr'><strong>reginae</strong></span> <span class='ocrx_word' id='word_1_279' title='bbox 1255 3369 1412 3426; x_wconf 84' lang='lat' dir='ltr'><strong>illius</strong></span> <span class='ocrx_word' id='word_1_280' title='bbox 1451 3370 1697 3426; x_wconf 86' lang='lat' dir='ltr'><strong>nomine</strong></span> <span class='ocrx_word' id='word_1_281' title='bbox 1745 3372 1974 3426; x_wconf 86' lang='lat' dir='ltr'><strong>factum</strong></span> <span class='ocrx_word' id='word_1_282' title='bbox 2013 3375 2147 3426; x_wconf 91' lang='lat' dir='ltr'><strong>erat</strong></span> <span class='ocrx_word' id='word_1_283' title='bbox 2183 3386 2406 3428; x_wconf 90' lang='lat' dir='ltr'><strong>nomen</strong></span> <span class='ocrx_word' id='word_1_284' title='bbox 2443 3369 2690 3439; x_wconf 80' lang='lat' dir='ltr'><strong>Helena,</strong></span> 
     </span>
    </p>

    <p class='ocr_par' dir='ltr' id='par_1_7' title="bbox 422 3443 1730 3504">
     <span class='ocr_line' id='line_1_32' title="bbox 422 3443 1730 3504; baseline -0.002 -4"><span class='ocrx_word' id='word_1_285' title='bbox 422 3497 427 3504; x_wconf 76' lang='grc'>,</span> <span class='ocrx_word' id='word_1_286' title='bbox 487 3448 738 3500; x_wconf 84' lang='lat' dir='ltr'><strong>onstans</strong></span> <span class='ocrx_word' id='word_1_287' title='bbox 776 3443 1056 3499; x_wconf 82' lang='lat' dir='ltr'><strong>sublatus</strong></span> <span class='ocrx_word' id='word_1_288' title='bbox 1095 3447 1203 3499; x_wconf 83' lang='lat' dir='ltr'><strong>est.</strong></span> <span class='ocrx_word' id='word_1_289' title='bbox 1722 3457 1730 3466; x_wconf 93' lang='lat'><strong>·</strong></span> 
     </span>
    </p>

    <p class='ocr_par' dir='ltr' id='par_1_8' title="bbox 348 3512 2691 3588">
     <span class='ocr_line' id='line_1_33' title="bbox 348 3512 2691 3588; baseline -0.003 -15"><span class='ocrx_word' id='word_1_290' title='bbox 348 3515 418 3573; x_wconf 77' lang='lat'><strong><em>16</em></strong></span> <span class='ocrx_word' id='word_1_291' title='bbox 616 3515 724 3572; x_wconf 84' lang='lat' dir='ltr'><strong>Ille</strong></span> <span class='ocrx_word' id='word_1_292' title='bbox 773 3516 964 3586; x_wconf 83' lang='lat' dir='ltr'><strong>igitur</strong></span> <span class='ocrx_word' id='word_1_293' title='bbox 1014 3529 1149 3570; x_wconf 77' lang='lat' dir='ltr'><strong>euni</strong></span> <span class='ocrx_word' id='word_1_294' title='bbox 1199 3515 1285 3570; x_wconf 80' lang='lat' dir='ltr'><strong>ita</strong></span> <span class='ocrx_word' id='word_1_295' title='bbox 1333 3514 1588 3570; x_wconf 85' lang='lat' dir='ltr'><strong>vixisset</strong></span> <span class='ocrx_word' id='word_1_296' title='bbox 1636 3512 1947 3583; x_wconf 84' lang='lat' dir='ltr'><strong>dissolute,</strong></span> <span class='ocrx_word' id='word_1_297' title='bbox 2004 3515 2091 3570; x_wconf 80' lang='lat' dir='ltr'><strong>ita</strong></span> <span class='ocrx_word' id='word_1_298' title='bbox 2140 3515 2359 3571; x_wconf 76' lang='lat' dir='ltr'><strong>miSere</strong></span> <span class='ocrx_word' id='word_1_299' title='bbox 2418 3515 2691 3588; x_wconf 83' lang='lat' dir='ltr'><strong>privatus</strong></span> 
     </span>
    </p>

    <p class='ocr_par' dir='ltr' id='par_1_9' title="bbox 348 3585 2690 3659">
     <span class='ocr_line' id='line_1_34' title="bbox 348 3585 2690 3659; baseline -0.003 -13"><span class='ocrx_word' id='word_1_300' title='bbox 348 3585 416 3646; x_wconf 78' lang='lat'><strong><em>17</em></strong></span> <span class='ocrx_word' id='word_1_301' title='bbox 437 3591 570 3643; x_wconf 80' lang='lat' dir='ltr'><strong>erat</strong></span> <span class='ocrx_word' id='word_1_302' title='bbox 609 3588 763 3659; x_wconf 63' lang='lat' dir='ltr'><strong>vitm</strong></span> <span class='ocrx_word' id='word_1_303' title='bbox 822 3586 1214 3657; x_wconf 69' lang='lat' dir='ltr'><strong>Magnentius</strong></span> <span class='ocrx_word' id='word_1_304' title='bbox 1253 3593 1477 3655; x_wconf 85' lang='lat' dir='ltr'><strong>autem,</strong></span> <span class='ocrx_word' id='word_1_305' title='bbox 1515 3601 1654 3642; x_wconf 88' lang='lat' dir='ltr'><strong><em>cum</em></strong></span> <span class='ocrx_word' id='word_1_306' title='bbox 1695 3601 1986 3658; x_wconf 85' lang='lat' dir='ltr'><strong>prospere</strong></span> <span class='ocrx_word' id='word_1_307' title='bbox 2025 3587 2079 3642; x_wconf 88' lang='lat' dir='ltr'><strong><em>ei</em></strong></span> <span class='ocrx_word' id='word_1_308' title='bbox 2120 3601 2218 3642; x_wconf 86' lang='lat' dir='ltr'><strong><em>res</em></strong></span> <span class='ocrx_word' id='word_1_309' title='bbox 2258 3588 2690 3658; x_wconf 74' lang='lat' dir='ltr'><strong>processissent</strong></span> 
     </span>
    </p>

    <p class='ocr_par' dir='ltr' id='par_1_10' title="bbox 311 3658 2688 3731">
     <span class='ocr_line' id='line_1_35' title="bbox 311 3658 2688 3731; baseline -0.002 -16"><span class='ocrx_word' id='word_1_310' title='bbox 311 3702 315 3708; x_wconf 88' lang='lat'><em>.</em></span> <span class='ocrx_word' id='word_1_311' title='bbox 437 3658 767 3716; x_wconf 61' lang='lat' dir='ltr'><strong>tvi-anniae</strong></span> <span class='ocrx_word' id='word_1_312' title='bbox 806 3663 1124 3731; x_wconf 84' lang='lat' dir='ltr'><strong>occupata,</strong></span> <span class='ocrx_word' id='word_1_313' title='bbox 1165 3673 1375 3714; x_wconf 84' lang='lat' dir='ltr'><strong>eorum</strong></span> <span class='ocrx_word' id='word_1_314' title='bbox 1405 3658 1509 3729; x_wconf 86' lang='lat' dir='ltr'><strong><em>qui</em></strong></span> <span class='ocrx_word' id='word_1_315' title='bbox 1538 3659 1933 3729; x_wconf 74' lang='lat' dir='ltr'><strong>magistratus</strong></span> <span class='ocrx_word' id='word_1_316' title='bbox 1959 3658 2263 3729; x_wconf 74' lang='lat' dir='ltr'><strong>gerebant</strong></span> <span class='ocrx_word' id='word_1_317' title='bbox 2288 3658 2688 3714; x_wconf 84' lang='lat' dir='ltr'><strong>nobilissimos</strong></span> 
     </span>
    </p>

    <p class='ocr_par' dir='ltr' id='par_1_11' title="bbox 351 3727 2689 4019">
     <span class='ocr_line' id='line_1_36' title="bbox 351 3727 2687 3802; baseline -0.003 -14"><span class='ocrx_word' id='word_1_318' title='bbox 351 3730 456 3788; x_wconf 86' lang='grc'>18(</span> <span class='ocrx_word' id='word_1_319' title='bbox 481 3748 516 3787; x_wconf 90' lang='lat' dir='ltr'><strong><em>e</em></strong></span> <span class='ocrx_word' id='word_1_320' title='bbox 554 3731 754 3787; x_wconf 85' lang='lat' dir='ltr'><strong>medio</strong></span> <span class='ocrx_word' id='word_1_321' title='bbox 794 3731 1007 3788; x_wconf 85' lang='lat' dir='ltr'><strong>tollere</strong></span> <span class='ocrx_word' id='word_1_322' title='bbox 1045 3730 1298 3787; x_wconf 80' lang='lat' dir='ltr'><strong>studuit.</strong></span> <span class='ocrx_word' id='word_1_323' title='bbox 1374 3728 1620 3786; x_wconf 81' lang='lat' dir='ltr'><strong>Litteris</strong></span> <span class='ocrx_word' id='word_1_324' title='bbox 1660 3731 1849 3801; x_wconf 69' lang='lat' dir='ltr'><strong>igitur</strong></span> <span class='ocrx_word' id='word_1_325' title='bbox 1882 3731 2035 3802; x_wconf 74' lang='lat' dir='ltr'><strong>fictis</strong></span> <span class='ocrx_word' id='word_1_326' title='bbox 2063 3729 2143 3785; x_wconf 88' lang='lat' dir='ltr'><strong><em>ad</em></strong></span> <span class='ocrx_word' id='word_1_327' title='bbox 2170 3745 2275 3786; x_wconf 88' lang='lat' dir='ltr'><strong><em>eos</em></strong></span> <span class='ocrx_word' id='word_1_328' title='bbox 2302 3731 2476 3799; x_wconf 82' lang='lat' dir='ltr'><strong>datis,</strong></span> <span class='ocrx_word' id='word_1_329' title='bbox 2518 3727 2687 3800; x_wconf 82' lang='lat' dir='ltr'><strong>quasi</strong></span> 
     </span>
     <span class='ocr_line' id='line_1_37' title="bbox 438 3800 2688 3873; baseline -0.002 -14"><span class='ocrx_word' id='word_1_330' title='bbox 438 3817 476 3859; x_wconf 80' lang='lat' dir='ltr'><strong>a</strong></span> <span class='ocrx_word' id='word_1_331' title='bbox 514 3801 846 3860; x_wconf 80' lang='lat' dir='ltr'><strong>Constante</strong></span> <span class='ocrx_word' id='word_1_332' title='bbox 885 3802 963 3858; x_wconf 79' lang='lat' dir='ltr'><strong><em>nd</em></strong></span> <span class='ocrx_word' id='word_1_333' title='bbox 1005 3817 1111 3858; x_wconf 84' lang='lat' dir='ltr'><strong><em>eos</em></strong></span> <span class='ocrx_word' id='word_1_334' title='bbox 1148 3802 1359 3867; x_wconf 82' lang='lat' dir='ltr'><strong>missis.</strong></span> <span class='ocrx_word' id='word_1_335' title='bbox 1419 3802 1642 3873; x_wconf 80' lang='lat' dir='ltr'><strong>quibus</strong></span> <span class='ocrx_word' id='word_1_336' title='bbox 1691 3803 1791 3858; x_wconf 86' lang='lat' dir='ltr'><strong>iile</strong></span> <span class='ocrx_word' id='word_1_337' title='bbox 1840 3802 1948 3858; x_wconf 80' lang='lat' dir='ltr'><strong><em>hos</em></strong></span> <span class='ocrx_word' id='word_1_338' title='bbox 1994 3801 2074 3857; x_wconf 82' lang='lat' dir='ltr'><strong><em>ad</em></strong></span> <span class='ocrx_word' id='word_1_339' title='bbox 2112 3817 2178 3858; x_wconf 85' lang='lat' dir='ltr'><strong><em>se</em></strong></span> <span class='ocrx_word' id='word_1_340' title='bbox 2217 3808 2571 3871; x_wconf 74' lang='lat' dir='ltr'><strong>arcesseret,</strong></span> <span class='ocrx_word' id='word_1_341' title='bbox 2630 3800 2688 3855; x_wconf 88' lang='lat' dir='ltr'><strong><em>in</em></strong></span> 
     </span>
     <span class='ocr_line' id='line_1_38' title="bbox 437 3872 2689 3946; baseline -0.003 -15"><span class='ocrx_word' id='word_1_342' title='bbox 437 3874 656 3931; x_wconf 74' lang='lat' dir='ltr'><strong>itInere</strong></span> <span class='ocrx_word' id='word_1_343' title='bbox 695 3891 804 3946; x_wconf 81' lang='lat' dir='ltr'><strong><em>per</em></strong></span> <span class='ocrx_word' id='word_1_344' title='bbox 842 3874 1094 3930; x_wconf 73' lang='lat' dir='ltr'><strong>Insidias</strong></span> <span class='ocrx_word' id='word_1_345' title='bbox 1134 3875 1424 3946; x_wconf 83' lang='lat' dir='ltr'><strong>plurimos</strong></span> <span class='ocrx_word' id='word_1_346' title='bbox 1464 3872 1785 3943; x_wconf 77' lang='lat' dir='ltr'><strong>interfecit,</strong></span> <span class='ocrx_word' id='word_1_347' title='bbox 1825 3890 1904 3931; x_wconf 88' lang='lat' dir='ltr'><strong><em>ne</em></strong></span> <span class='ocrx_word' id='word_1_348' title='bbox 1934 3874 2268 3930; x_wconf 87' lang='lat' dir='ltr'><strong>coniuratis</strong></span> <span class='ocrx_word' id='word_1_349' title='bbox 2295 3873 2539 3944; x_wconf 85' lang='lat' dir='ltr'><strong>quidem</strong></span> <span class='ocrx_word' id='word_1_350' title='bbox 2568 3872 2689 3928; x_wconf 84' lang='lat' dir='ltr'><strong>suis</strong></span> 
     </span>
     <span class='ocr_line' id='line_1_39' title="bbox 438 3946 1575 4019; baseline 0 -18"><span class='ocrx_word' id='word_1_351' title='bbox 438 3961 715 4019; x_wconf 83' lang='lat' dir='ltr'><strong>parcens,</strong></span> <span class='ocrx_word' id='word_1_352' title='bbox 754 3946 861 4002; x_wconf 87' lang='lat' dir='ltr'><strong><em>sed</em></strong></span> <span class='ocrx_word' id='word_1_353' title='bbox 902 3947 1083 4002; x_wconf 83' lang='lat' dir='ltr'><strong>etiam</strong></span> <span class='ocrx_word' id='word_1_354' title='bbox 1126 3961 1233 4002; x_wconf 88' lang='lat' dir='ltr'><strong><em>cos</em></strong></span> <span class='ocrx_word' id='word_1_355' title='bbox 1272 3946 1575 4001; x_wconf 84' lang='lat' dir='ltr'><strong>occidens.</strong></span> 
     </span>
    </p>

    <p class='ocr_par' dir='ltr' id='par_1_12' title="bbox 352 4015 2690 4379">
     <span class='ocr_line' id='line_1_40' title="bbox 352 4015 2689 4090; baseline -0.003 -15"><span class='ocrx_word' id='word_1_356' title='bbox 352 4018 420 4075; x_wconf 88' lang='grc'>19</span> <span class='ocrx_word' id='word_1_357' title='bbox 618 4018 728 4074; x_wconf 88' lang='lat' dir='ltr'><strong><em>His</em></strong></span> <span class='ocrx_word' id='word_1_358' title='bbox 766 4019 957 4090; x_wconf 78' lang='lat' dir='ltr'><strong>igitur</strong></span> <span class='ocrx_word' id='word_1_359' title='bbox 995 4018 1181 4074; x_wconf 87' lang='lat' dir='ltr'><strong>rebus</strong></span> <span class='ocrx_word' id='word_1_360' title='bbox 1225 4018 1325 4074; x_wconf 85' lang='lat' dir='ltr'><strong>illc</strong></span> <span class='ocrx_word' id='word_1_361' title='bbox 1373 4018 1488 4073; x_wconf 84' lang='lat' dir='ltr'><strong>sibi</strong></span> <span class='ocrx_word' id='word_1_362' title='bbox 1537 4018 1885 4073; x_wconf 81' lang='lat' dir='ltr'><strong>stabiliebat</strong></span> <span class='ocrx_word' id='word_1_363' title='bbox 1932 4017 2349 4090; x_wconf 82' lang='lat' dir='ltr'><strong>tyrannidem;</strong></span> <span class='ocrx_word' id='word_1_364' title='bbox 2406 4015 2689 4073; x_wconf 85' lang='lat' dir='ltr'><strong>Constan-</strong></span> 
     </span>
     <span class='ocr_line' id='line_1_41' title="bbox 439 4090 2690 4162; baseline -0.003 -15"><span class='ocrx_word' id='word_1_365' title='bbox 439 4090 561 4148; x_wconf 86' lang='lat' dir='ltr'><strong>tius</strong></span> <span class='ocrx_word' id='word_1_366' title='bbox 597 4098 800 4146; x_wconf 86' lang='lat' dir='ltr'><strong>autem</strong></span> <span class='ocrx_word' id='word_1_367' title='bbox 839 4097 1034 4147; x_wconf 84' lang='lat' dir='ltr'><strong>morte</strong></span> <span class='ocrx_word' id='word_1_368' title='bbox 1072 4097 1384 4162; x_wconf 79' lang='lat' dir='ltr'><strong>comperta</strong></span> <span class='ocrx_word' id='word_1_369' title='bbox 1424 4091 1630 4146; x_wconf 79' lang='lat' dir='ltr'><strong>fratris</strong></span> <span class='ocrx_word' id='word_1_370' title='bbox 1670 4091 2013 4147; x_wconf 84' lang='lat' dir='ltr'><strong>haesitabat</strong></span> <span class='ocrx_word' id='word_1_371' title='bbox 2052 4091 2254 4145; x_wconf 85' lang='lat' dir='ltr'><strong>animo</strong></span> <span class='ocrx_word' id='word_1_372' title='bbox 2288 4104 2496 4145; x_wconf 88' lang='lat' dir='ltr'><strong>seeum</strong></span> <span class='ocrx_word' id='word_1_373' title='bbox 2523 4101 2690 4159; x_wconf 86' lang='lat' dir='ltr'><strong>repu-</strong></span> 
     </span>
     <span class='ocr_line' id='line_1_42' title="bbox 441 4162 2690 4234; baseline -0.003 -15"><span class='ocrx_word' id='word_1_374' title='bbox 441 4169 593 4234; x_wconf 84' lang='lat' dir='ltr'><strong>tans,</strong></span> <span class='ocrx_word' id='word_1_375' title='bbox 633 4168 838 4220; x_wconf 85' lang='lat' dir='ltr'><strong>utrum</strong></span> <span class='ocrx_word' id='word_1_376' title='bbox 878 4164 1083 4219; x_wconf 80' lang='lat' dir='ltr'><strong>mallet</strong></span> <span class='ocrx_word' id='word_1_377' title='bbox 1119 4164 1322 4220; x_wconf 84' lang='lat' dir='ltr'><strong>Persis</strong></span> <span class='ocrx_word' id='word_1_378' title='bbox 1362 4164 1646 4219; x_wconf 82' lang='lat' dir='ltr'><strong>resistere</strong></span> <span class='ocrx_word' id='word_1_379' title='bbox 1686 4164 2070 4220; x_wconf 77' lang='lat' dir='ltr'><strong>vastantibus</strong></span> <span class='ocrx_word' id='word_1_380' title='bbox 2110 4162 2524 4218; x_wconf 80' lang='lat' dir='ltr'><strong>Romanorum</strong></span> <span class='ocrx_word' id='word_1_381' title='bbox 2566 4174 2690 4232; x_wconf 88' lang='lat' dir='ltr'><strong>pro·</strong></span> 
     </span>
     <span class='ocr_line' id='line_1_43' title="bbox 441 4229 2690 4308; baseline -0.003 -17"><span class='ocrx_word' id='word_1_382' title='bbox 441 4238 675 4292; x_wconf 81' lang='lat' dir='ltr'><strong>vincias</strong></span> <span class='ocrx_word' id='word_1_383' title='bbox 714 4251 793 4291; x_wconf 87' lang='lat' dir='ltr'><strong><em>an</em></strong></span> <span class='ocrx_word' id='word_1_384' title='bbox 835 4236 924 4291; x_wconf 79' lang='lat' dir='ltr'><strong><em>bis</em></strong></span> <span class='ocrx_word' id='word_1_385' title='bbox 964 4237 1149 4292; x_wconf 82' lang='lat' dir='ltr'><strong>rebus</strong></span> <span class='ocrx_word' id='word_1_386' title='bbox 1195 4238 1255 4292; x_wconf 84' lang='lat' dir='ltr'><strong><em>in</em></strong></span> <span class='ocrx_word' id='word_1_387' title='bbox 1296 4237 1645 4308; x_wconf 78' lang='lat' dir='ltr'><strong>praesentia</strong></span> <span class='ocrx_word' id='word_1_388' title='bbox 1684 4237 1980 4308; x_wconf 80' lang='lat' dir='ltr'><strong>neglectis</strong></span> <span class='ocrx_word' id='word_1_389' title='bbox 2019 4238 2358 4307; x_wconf 76' lang='lat' dir='ltr'><strong>praeferret</strong></span> <span class='ocrx_word' id='word_1_390' title='bbox 2397 4229 2690 4305; x_wconf 72' lang='lat' dir='ltr'><strong>proticisci</strong></span> 
     </span>
     <span class='ocr_line' id='line_1_44' title="bbox 441 4306 2690 4379; baseline -0.003 -14"><span class='ocrx_word' id='word_1_391' title='bbox 441 4309 742 4366; x_wconf 80' lang='lat' dir='ltr'><strong>adversus</strong></span> <span class='ocrx_word' id='word_1_392' title='bbox 780 4315 1127 4379; x_wconf 81' lang='lat' dir='ltr'><strong>tyrannum,</strong></span> <span class='ocrx_word' id='word_1_393' title='bbox 1177 4316 1246 4366; x_wconf 89' lang='lat' dir='ltr'><strong>ut</strong></span> <span class='ocrx_word' id='word_1_394' title='bbox 1278 4315 1338 4365; x_wconf 86' lang='lat' dir='ltr'><strong><em>et</em></strong></span> <span class='ocrx_word' id='word_1_395' title='bbox 1377 4310 1585 4365; x_wconf 80' lang='lat' dir='ltr'><strong>fratris</strong></span> <span class='ocrx_word' id='word_1_396' title='bbox 1623 4309 2021 4366; x_wconf 77' lang='lat' dir='ltr'><strong>ulcisceretur</strong></span> <span class='ocrx_word' id='word_1_397' title='bbox 2066 4323 2278 4365; x_wconf 75' lang='lat' dir='ltr'><strong>neceni</strong></span> <span class='ocrx_word' id='word_1_398' title='bbox 2319 4313 2379 4364; x_wconf 92' lang='lat' dir='ltr'><strong><em>et</em></strong></span> <span class='ocrx_word' id='word_1_399' title='bbox 2418 4307 2531 4363; x_wconf 86' lang='lat' dir='ltr'><strong>sibi</strong></span> <span class='ocrx_word' id='word_1_400' title='bbox 2572 4306 2690 4362; x_wconf 84' lang='lat' dir='ltr'><strong>vin·</strong></span> 
     </span>
    </p>

    <p class='ocr_par' dir='ltr' id='par_1_13' title="bbox 365 4382 1916 4458">
     <span class='ocr_line' id='line_1_45' title="bbox 365 4382 1916 4458; baseline -0.001 -20"><span class='ocrx_word' id='word_1_401' title='bbox 365 4421 368 4428; x_wconf 31' lang='grc' dir='ltr'><strong><em>ι</em></strong></span> <span class='ocrx_word' id='word_1_402' title='bbox 442 4382 677 4458; x_wconf 82' lang='lat' dir='ltr'><strong>dicaret</strong></span> <span class='ocrx_word' id='word_1_403' title='bbox 716 4389 950 4454; x_wconf 81' lang='lat' dir='ltr'><strong>partem</strong></span> <span class='ocrx_word' id='word_1_404' title='bbox 992 4383 1450 4439; x_wconf 77' lang='lat' dir='ltr'><strong>oecIdentalem.</strong></span> <span class='ocrx_word' id='word_1_405' title='bbox 1912 4409 1916 4413; x_wconf 60' lang='lat'>&gt;</span> 
     </span>
    </p>
   </div>
  </div>
 </body>
</html>
