2870 4966
791 307 1359 393 <consummi
1395 311 1851 388 comvetvit
2372 317 2481 391 τοι

229 517 443 593 tatione
482 515 673 605 μέχρι
715 510 1200 601 Χρυσοπόλεως
1250 509 1465 600 ἦλθεν.
1556 511 1596 581 ό
1642 514 1715 581 ὑὲ
1759 514 2240 591 Κωνσταντῖνος
2291 512 2479 603 στρά-
2500 520 2571 580 14

229 644 415 710 τευμα
460 620 728 707 πέμψας
770 617 887 706 τὴν
929 618 1153 705 λίμνην
1182 615 1405 703 Βανῆς
1435 611 1515 684 ‹ia'
1563 617 1761 687 αὐτοῦ
1806 618 2071 706 κατέσχε
2084 635 2100 653 ·
2144 619 2255 688 καὶ
2297 625 2481 686 τοῦτο

228 724 536 819 μαθόντες
566 723 630 789 οἱ
650 720 924 810 Ἄραβες
954 720 1331 790 σπείσασθαι
1353 720 1694 809 Ῥωμαίοις
1721 721 2049 811 ᾐτήσαντο.
2103 720 2483 798 ἀπελθόντες
2501 730 2573 789 15

230 828 339 901 οὖν
380 827 444 896 οί
484 831 616 896 τῶν
659 831 899 896 κοινῶν
945 826 1250 915 διοικηταὶ
1293 825 1461 913 πρὸς
1510 825 1622 895 τὸν
1656 827 1934 915 Ἀαρών,
1999 827 2099 895 ἵνα
2155 827 2483 914 συνθήκας
2502 835 2549 898 0

182 947 214 1008 t
228 933 549 1023 ποιήσωσι,
613 929 723 999 καὶ
784 930 877 1021 μὴ
943 930 1386 1021 φροντίσαντες
1442 929 1757 1019 πρότερον
1812 930 2105 1021 ammove
2155 934 2286 1000 ur»
2327 924 2498 1026 '‘ae',

230 1038 478 1112 ἐκείνοις
540 1035 910 1124 ἀναγκαίων
972 1035 1202 1124 λαβεῖν,
1267 1037 1747 1124 κατεσχέθησαν
1798 1031 1952 1124 παρ’
2001 1034 2200 1104 αὐτοῦ
2251 1035 2361 1104 καὶ
2414 1034 2483 1103 έν

228 1143 438 1216 πέδαις
482 1141 986 1230 καθείρχθησαν.
1078 1142 1236 1209 ὅθεν
1279 1141 1649 1228 βιασθέντες
1693 1140 1756 1208 οί
1796 1145 2175 1228 κρατοῦντες
2206 1137 2308 1207 διὰ
2339 1137 2486 1216 τοὺς
2511 1149 2577 1210 io

228 1249 531 1335 ἄρχοντας
575 1244 958 1331 ἐσπείσαντο,
1020 1245 1398 1332 συνθέμενοι
1444 1244 1695 1334 φόρους
1741 1244 1983 1313 ὀιόόναι
2027 1249 2158 1320 τοῖς
2188 1243 2483 1331 Ἄραψιν.
2688 1320 2695 1324 ,
2750 1274 2755 1279 ·

228 1352 287 1420 οἱ
322 1349 442 1440 μὲν
485 1348 604 1418 οὖν
650 1350 748 1419 ἐπὶ
794 1351 1105 1425 τοιαύταις
1149 1351 1505 1439 συνθήκαις
1535 1349 1894 1427 ἀνέζευξαν.
1985 1349 2028 1438 ἡ
2061 1347 2132 1417 eii
2160 1348 2485 1437 βασίλισσα
2507 1358 2595 1419 17.
2634 1357 2706 1420 is

154 1455 528 1528 ΙοἘλπίόιον
571 1455 681 1524 τὸν
724 1455 1054 1542 πατρίκιοι·
1099 1454 1449 1543 στρατηγὸν
1478 1455 1771 1529 Σικελίας
1805 1454 2279 1542 προεχειρίσατο
2293 1470 2310 1491 ·
2358 1454 2484 1523 εἶτα

226 1561 524 1648 μαθοῦσα
580 1561 673 1628 ὅτι
725 1560 801 1627 τὰ
854 1566 986 1629 τῶν
1031 1559 1384 1647 Καισάρων
1428 1567 1671 1648 φρονεῖ,
1740 1559 1964 1627 ἔστειλε
2018 1558 2167 1634 τοὺς
2219 1560 2486 1637 ἄξοντας

229 1665 464 1732 ἐκεῖθεν
508 1664 717 1733 αὐτόν.
808 1670 940 1734 τῶν
986 1665 1057 1732 δὲ
1102 1665 1510 1732 Σικελιωτῶν
1551 1663 1644 1752 μὴ
1691 1662 2307 1751 παραχωρησάντων
2357 1668 2485 1737 τοῖς
2507 1673 2576 1733 19

228 1771 482 1837 σταλεῖσι
537 1770 752 1858 λαβεῖν
803 1769 913 1838 τὸν
949 1769 1288 1857 Ἐλπίὸιον,
1354 1771 1394 1858 ἡ
1442 1769 1689 1857 Εἰρήνη
1746 1769 1951 1855 θυμῷ
2006 1768 2324 1857 ληφθεῖσα
2372 1767 2487 1856 τὴν

54 1886 211 1949 )ΙΙ1369
228 1876 460 1942 ἐκείνου
507 1881 775 1961 γυναῖκα
821 1876 931 1943 καὶ
984 1875 1133 1951 τοὺς
1187 1875 1423 1950 παῖδας
1475 1875 1827 1962 μαστίξασα
1885 1874 1996 1941 καὶ
2057 1879 2188 1941 τῶν
2248 1879 2486 1962 τριχῶν
2504 1884 2561 1943 D

154 1994 211 2054 15
226 1981 578 2069 ἀφελομένη
627 1981 696 2047 έν
739 1988 833 2067 τῷ
877 1983 1251 2069 πραιτωρίῳ
1296 1981 1623 2066 καθεῖρξε·
1688 1975 1826 2047 κατ’
1888 1979 2130 2047 ἐκείνου
2179 1978 2250 2047 δὲ
2294 1979 2480 2047 έκπέ-
2500 1991 2577 2051 20

224 2109 438 2174 πομφε
484 2085 858 2173 στράτευμα,
905 2086 1213 2173 εὐνοῦχον
1248 2086 1464 2160 αὐτοῖς
1509 2085 1889 2174 ἕπιστήσασα
1935 2090 2066 2153 τῶν
2098 2085 2487 2152 πιστοτάτων

225 2192 394 2279 αὐτῇ.
484 2191 791 2277 πολέμων
837 2190 908 2258 δὲ
954 2196 1241 2279 συνεχῶν
1297 2192 1681 2278 γενομένων,
1745 2186 2028 2277 τρέπεται
2085 2191 2124 2257 ὀ
2170 2189 2487 2264 Ἐλπίόιος
2504 2201 2573 2262 21

225 2297 326 2364 καὶ
370 2295 618 2383 ἀπέδρα
665 2296 754 2371 εἰς
781 2296 1094 2397 Ἀφρικὴν
1138 2296 1248 2363 καὶ
1290 2301 1421 2372 τοῖς
1445 2296 1686 2384 Ἄραψι
1717 2296 2230 2385 προσεχώρησεν.
2320 2296 2382 2363 οί
2413 2293 2486 2363 δὲ
2503 2307 2581 2369 22

226 2552 259 2613 9
289 2550 407 2626 περὶ
440 2559 536 2611 τοῦ
570 2556 853 2626 πατρικίου
892 2552 1246 2629 (πατριάρχου
1285 2551 1353 2625 C)
1385 2552 1656 2624 Ἐλπιδίου
1694 2552 1793 2615 ΟΕ

329 2792 359 2850 1
397 2791 565 2868 ἦλθεν
600 2791 859 2869 prDi,
896 2793 1033 2870 ἦλθε
1069 2790 1141 2868 Α,
1180 2809 1241 2855 v.
1279 2794 1362 2854 ad
1397 2792 1548 2853 XIII
1588 2793 1638 2869 1,
1674 2793 1712 2854 δ
1990 2791 2028 2853 3
2061 2789 2146 2868 do)
2187 2793 2338 2859 αίουσ
2379 2789 2486 2855 OD

325 2865 376 2925 ὃ.
415 2868 451 2925 6
486 2868 724 2940 ὀμήρους
766 2875 906 2962 post
941 2869 1123 2944 λαβεῖν
1158 2867 1206 2927 C
1385 2869 1438 2926 6.
1478 2869 1511 2928 ’ἵ
1548 2868 1607 2927 ὃν
1639 2867 1828 2932 πέδαις
1863 2864 2087 2943 AEwp,
2159 2887 2221 2924 εσ
2261 2875 2392 2926 ῶται
2432 2866 2485 2926 Ο

325 2940 359 2997 9
394 2942 714 3007 συνέζευξαν
738 2941 803 3013 h,
843 2940 1120 3008 ἀνέζευξεν
1145 2940 1219 3011 D,
1259 2949 1415 3002 corr.
1437 2941 1544 3005 Dw
1688 2941 1895 3017 βασιλὶς
1920 2941 1970 3001 O
2116 2939 2186 2999 13
2253 2982 2267 3000 .
2282 2943 2487 3016 φθεῖσα

319 3011 404 3081 .D,
443 3014 642 3087 suppl.
679 3036 715 3087 η
756 3014 861 3078 Dw
1036 3015 1107 3071 14
1141 3015 1350 3073 ἐκείνου
1390 3021 1528 3089 post
1554 3017 1860 3101 μαστίξασα
1897 3014 2047 3089 Ewp
2214 3014 2283 3073 15
2319 3014 2372 3073 δ’
2409 3015 2487 3089 ρ*

328 3086 535 3143 invitis
560 3086 724 3145 ARw
874 3088 944 3146 16
978 3087 1299 3160 ἕπιστήσασα
1324 3089 1583 3162 prDz,
1619 3087 1904 3160 ἐπιστήσας
1939 3087 1996 3146 Α
2135 3087 2402 3146 πιστάτων
2425 3087 2485 3145 D

323 3159 725 3291 {gllyitvimsng
763 3158 810 3220 O
994 3161 1064 3220 18
1099 3163 1275 3244 ἅραψι
1310 3161 1437 3234 AO,
1480 3162 1726 3234 ἅρραψιν
1764 3161 1831 3233 Ε,
1867 3162 2076 3235 ἅραψιν
2112 3161 2261 3236 w*p,
2300 3177 2357 3220 v,
2400 3160 2485 3231 ad

545 3274 560 3305 D

223 3474 636 3556 Chrysopolim
673 3497 874 3556 usque
912 3489 1325 3558 processerat,
1363 3489 1580 3542 contra
1618 3497 1801 3557 quem
1828 3479 2264 3543 Constantinus
2301 3482 2489 3542 misso
2510 3484 2611 3545 14>

224 3557 494 3614 exercitu
532 3556 735 3614 Banes
791 3557 1079 3630 paludem
1122 3559 1476 3630 occupavit3
1539 3572 1662 3630 quo
1702 3556 1942 3615 Arabes
1980 3557 2229 3630 cognito
2269 3571 2488 3628 pacem

223 3640 258 3681 a
305 3627 595 3687 Romanis
659 3630 1029 3703 petiverunt.
1116 3630 1513 3703 Magistratus
1570 3631 1778 3703 igitur,
1836 3630 1982 3686 dum
2039 3645 2165 3686 non
2217 3630 2487 3700 acceptis
2507 3628 2586 3692 15

222 3702 385 3770 prius
419 3703 756 3760 illustribus
806 3719 886 3760 ex
926 3719 1002 3760 ea
1037 3710 1225 3776 gente
1265 3702 1584 3759 obsidibus
1623 3702 1702 3758 ad
1741 3701 2067 3773 Aaronem,
2122 3707 2193 3759 ut
2229 3716 2367 3757 cum
2408 3716 2484 3758 eo

224 3775 692 3845 paciscerentur,
733 3776 982 3846 abeunt,
1020 3775 1243 3832 retenti
1281 3781 1343 3832 et
1380 3775 1444 3830 in
1485 3775 1733 3831 vincula
1771 3775 2032 3831 coniecti
2069 3778 2228 3832 sunt.
2280 3772 2486 3840 Quare
2505 3774 2583 3834 16

222 3849 410 3903 coacti
448 3850 783 3920 imperator
841 3853 903 3904 et
939 3848 1295 3920 imperatrix
1351 3852 1602 3920 propter
1656 3847 2055 3918 magistratus
2091 3860 2305 3918 pacem
2345 3860 2483 3903 cum

221 3915 524 3976 Arabibus
563 3921 860 3989 fecerunt,
917 3921 1212 3977 tributum
1256 3920 1522 3992 polliciti.
1615 3919 1707 3975 Illi
1765 3920 1954 3990 igitur
2010 3931 2085 3976 ea
2123 3917 2485 3974 condicione
2504 3919 2580 3979 1⁶1

221 3989 644 4048 discesserunt.
719 3991 960 4064 Regina
1007 4008 1157 4049 vero
1206 4008 1345 4049 cum
1399 3991 1701 4065 Elpidium
1762 3992 2102 4064 patricium,
2161 4004 2340 4061 quem
2397 3988 2485 4046 Si·
2504 3993 2583 4051 18

221 4063 391 4120 ciliae
428 4069 774 4135 praetorem
815 4071 1075 4133 crearat,
1124 4064 1494 4122 Caesaribus
1533 4064 1780 4120 studere
1820 4064 2231 4135 cognovisset,
2267 4061 2481 4119 reduci

221 4133 405 4192 iussit.
480 4137 674 4201 Quem
715 4138 861 4209 quia
901 4135 1086 4194 Siculi
1125 4152 1163 4193 a
1210 4137 1431 4207 legatis
1471 4136 1608 4208 capi
1668 4150 1794 4192 non
1831 4135 2133 4204 sinebant,
2172 4134 2352 4191 Irene
2389 4135 2483 4191 ira
2507 4136 2583 4196 19

221 4208 446 4276 percita
468 4223 727 4265 uxorem
767 4209 927 4265 illius
964 4213 1024 4266 et
1064 4210 1288 4265 liberos
1309 4210 1521 4279 flagris
1543 4223 1755 4264 caesos
1798 4212 1860 4263 et
1879 4222 2053 4264 rasos
2087 4206 2148 4262 in
2171 4221 2483 4263 carcerem

221 4281 672 4347 praetorianum
724 4282 984 4337 coniecit
1039 4286 1100 4337 et
1138 4283 1479 4336 exercitum
1519 4286 1734 4337 contra
1772 4280 1939 4336 illum
1977 4279 2155 4349 misit,
2213 4278 2587 4351 quodam20

222 4363 294 4403 ex
332 4350 696 4409 fidelissimis
734 4354 861 4410 suis
900 4352 1197 4409 eunuchis
1235 4354 1291 4409 ei
1320 4354 1688 4425 praeposito.
1764 4352 2009 4409 Crebris
2046 4367 2196 4409 vero
2235 4351 2485 4426 proeliis
2502 4353 2582 4415 21

222 4424 549 4481 commissis
601 4425 966 4498 profligatus
1009 4425 1280 4498 Elpidius
1337 4426 1402 4481 in
1441 4426 1712 4483 Africam
1765 4424 1845 4481 ad
1883 4422 2124 4483 Arabes
2171 4425 2483 4505 conl’ugit3
