2870 4966
653 256 1118 326 PvnonnmA.
1192 258 1540 326 nvnoom
1566 256 1948 352 ‚serviem
2317 258 2415 326 ιιι

182 447 432 518 ὀείσασα
476 443 569 534 μὴ
616 445 658 514 ό
704 443 866 535 ἀνὴρ
910 444 1271 534 ύποπτεύση
1318 447 1356 513 ὃ
1402 445 1639 523 ἐκεῖνος
1693 445 1814 537 ἤδη
1869 447 2290 519 ύπώπτευσεν.
2380 447 2420 518 ό
2440 454 2512 516 83

183 548 238 619 δ’
286 550 371 617 ἔτι
412 548 770 639 προσήρετο
823 548 1358 632 ἑπιτατικώτερον·
1423 549 1464 637 ἡ
1513 544 1571 616 δ’
1619 547 1808 624 αὖθις
1849 546 2001 637 μεθ’
2049 551 2252 638 ὅρκου
2294 574 2422 638 φα-

184 661 307 742 γεῖν
334 652 407 719 τὸ
434 651 642 739 μῆλον
683 651 1137 737 ἀπισχυρίζετο.
1230 651 1432 736 ἐξάγει
1466 657 1651 719 τοῦτο
1678 653 1905 739 μεστὸς
1935 653 1977 720 ό
2008 652 2423 739 αὐτοκράτωρ
2441 659 2514 718 34

185 759 392 844 ὀργῆς.
484 754 593 821 καὶ
637 756 677 841 ἡ
723 755 842 840 μὲν
886 750 983 819 ἐπ’
1033 755 1405 840 αὐτοφώρῳ
1460 754 1628 821 ἑάλω
1682 755 1775 842 μὴ
1832 755 2266 843 ἀληθεύουσα·
2331 764 2425 842 τῷ

134 871 167 927 5
188 862 254 926 δὲ
298 859 373 924 τὰ
417 864 528 944 τῆς
560 859 863 930 ὑπονοίας
893 857 1236 943 ἐστήρικτο.
1327 858 1672 923 κάντεῦθεν
1700 858 1991 924 κτείνεται
2018 860 2137 945 μὲν
2165 859 2207 926 ό
2238 858 2424 926 Παυ-
2443 868 2514 925 85

185 965 349 1035 λῒνος
379 962 450 1036 ἐξ
477 962 781 1033 ’ὑπονοίας
808 960 1114 1044 ψευδοῦς,
1161 961 1200 1046 ἦ
1236 955 1292 1024 δ’
1325 958 1613 1026 Εὗόοκία
1644 961 1966 1049 μεμίσητο.
1999 997 2015 1015 2
2056 962 2164 1028 καὶ
2201 963 2428 1049 ᾔτησεν
2444 972 2514 1030 36

187 1065 475 1132 ἀπελθεῖν
512 1064 598 1137 εἷς
621 1062 1026 1149 Ἱεροσόλυμα
1040 1079 1055 1099 ·
1105 1062 1263 1128 ἔνθα
1312 1062 1390 1147 ὀὴ
1439 1062 1806 1128 ἀπελθοῦσα
1854 1063 1969 1130 σὺν
2010 1065 2267 1151 πλούτῳ
2306 1066 2425 1152 βα-

181 1171 293 1235 θεῖ
329 1168 525 1238 ναούς
568 1190 632 1231 τε
678 1166 966 1250 ἐδείματο
1010 1165 1118 1231 καὶ
1161 1165 1362 1231 πολλὰ
1407 1173 1536 1237 τοῖς
1578 1168 1946 1252 πενομένοις
1988 1169 2096 1235 καὶ
2140 1175 2268 1241 τοῖς
2301 1170 2494 1235 ἐκεῒΡ
2513 1177 2584 1237 11
2602 1177 2705 1236 45
2729 1177 2812 1238 A

18 1287 171 1347 [11244
185 1269 622 1358 μοναστηρίοις
686 1269 988 1335 δέδωκεν.
1080 1270 1325 1335 ἐκεῖθεν
1388 1264 1446 1334 ὂ’
1514 1270 1948 1337 ἐπανελθοῦσα
2018 1270 2207 1345 αὖθις
2226 1340 2246 1360 ·.
2269 1270 2426 1358 μετὰ
2444 1282 2516 1339 37

111 1385 172 1441 10
192 1375 463 1441 θάνατον
507 1378 619 1437 τοῦ
665 1372 901 1457 ἀνόρός
946 1373 1141 1438 ἐκεῖσε
1182 1373 1443 1458 ἀφίκετο
1473 1374 1662 1452 κάκεῖ
1683 1375 2118 1461 τετελεύτηκεν.
2209 1377 2310 1441 οἵα
2359 1375 2428 1442 δὲ
2445 1385 2519 1442 38
2552 1380 2557 1391 ’

186 1476 325 1561 περὶ
368 1475 597 1560 λόγους
642 1474 722 1560 ἦν
766 1477 922 1560 αὕτη
971 1474 1228 1561 δηλοῦσι
1272 1475 1347 1541 τὰ
1378 1476 1682 1561 λεγόμενα
1706 1476 2203 1564 Ὁμηρόκεντρα.
2289 1477 2426 1545 Πα-
2445 1487 2520 1544 39

188 1580 422 1664 τρικίου
478 1579 600 1663 γάρ
654 1602 818 1650 τινος
871 1579 1374 1664 ἐπιχειρήσαντος
1428 1587 1522 1665 τῷ
1579 1582 2032 1667 σπουδάσματι,
2099 1581 2305 1656 ἀτελὲς
2359 1581 2429 1648 <ii

189 1680 632 1753 καταλιπόντος
677 1680 832 1746 αὐτὸ
877 1681 985 1746 καὶ
1031 1681 1165 1748 οἷον
1209 1683 1398 1748 εἰπεῖν
1444 1683 1905 1767 ἅνοργάνωτον,
1953 1684 2154 1771 ἐκείνη
2203 1684 2308 1751 καὶ
2343 1685 2432 1757 εἰς

190 1784 359 1857 τέλος
404 1785 600 1870 ἤγαγε
644 1783 752 1850 καὶ
798 1784 1202 1871 ὠργάνωσεν,
1251 1786 1346 1858 ὡς
1389 1787 1497 1852 καὶ
1543 1787 1583 1872 ἡ
1613 1781 1765 1871 παρ’
1801 1786 2039 1873 ἐκείνης
2070 1785 2170 1854 &d
2203 1787 2432 1873 στίχων

115 1895 176 1953 15
194 1891 493 1974 ἡρωικῶν
538 1894 631 1971 τῷ
673 1888 987 1974 πονήματι
1034 1888 1334 1975 γενομένη
1382 1889 1698 1976 ἐπιγραφὴ
1747 1895 1874 1962 τοῖς
1917 1890 2146 1976 ταύτην
2192 1890 2431 1957 ἐπιοῦσι

191 1991 531 2076 παρίστησι.

374 2094 646 2180 Θνήσκει
678 2094 747 2160 δὲ
778 2094 815 2160 ό
844 2092 1132 2181 βασιλεὺς
1162 2085 1503 2168 Θεοδόσιος
1532 2080 2062 2184 πεντηκοντούτης
2097 2096 2432 2183 γενόμενος
2449 2107 2527 2165 40

191 2199 295 2266 καὶ
349 2198 576 2285 σχεὸὸν
632 2199 912 2271 ἅπαντας
969 2201 1082 2273 οὓς
1136 2199 1289 2285 ἐβίω
1348 2200 1668 2273 ἐνιαυτοὺς
1721 2201 2113 2294 βασιλεύσας,
2175 2203 2434 2288 βραχεῖς

196 2424 260 2481 17
296 2423 507 2497 τελευτὴ
552 2422 842 2481 Θεοδοσίου
878 2420 1032 2481 ACE

298 2644 333 2700 2
371 2642 844 2714 ἐπιτακτικῶτερον
883 2642 1085 2715 wap
1229 2641 1281 2700 2.
1310 2644 1345 2700 3
1381 2652 1572 2716 φαγεῖν
1607 2642 1666 2701 τὸ
1698 2644 1871 2717 μῆλον
1905 2643 2273 2717 ἀπισχυρίζπο
2418 2641 2433 2668 ’

300 2718 468 2788 ὅρκου
507 2715 569 2786 Ε,
629 2724 819 2788 φαγεῖν
855 2716 913 2771 τὸ
944 2718 1118 2788 μῆλον
1152 2715 1427 2788 ἐξώμνυτο
1464 2717 1612 2790 pr
1944 2716 1980 2773 5
2014 2717 2248 2789 ὖποψίας
2342 2732 2435 2844 WX

371 2787 633 2844 κάντεῦθε
673 2829 686 2845 .
707 2829 720 2845 .
744 2827 756 2844 .
794 2790 979 2844 είνεται
1015 2787 1072 2844 A
1109 2789 1162 2859 (ν
1197 2809 1265 2845 κτ
1303 2793 1731 2856 evanuerunt).
1785 2826 1789 2829 -
1926 2790 2176 2851 παυλίνος
2212 2789 2343 2856 (sic)

300 2861 336 2916 8
374 2865 510 2932 post
535 2869 640 2923 τοῖς
667 2859 805 2917 add.
832 2882 886 2915 τε
913 2860 960 2916 Ε
1104 2861 1157 2917 8.
1178 2861 1213 2916 9
1248 2861 1367 2917 ἐκεῖ
1384 2863 1641 2932 σεμνείοις
1677 2859 1998 2935 BOwap,
2033 2862 2090 2918 ἐν
2109 2860 2435 2932 σεμνείοιςῙ)

300 2934 335 2988 9
372 2932 630 2989 διέδωκεν
666 2932 815 3003 pr
960 2932 1021 2989 δὲ
1054 2931 1334 3005 BswpDi,
1375 2950 1490 2991 om.
1529 2934 1578 2990 E
1690 2993 1694 3000 ⁴
1725 2934 1789 2990 11
1827 2934 1960 3006 αὕτη
1998 2932 2121 3004 ΑΕ,
2161 2933 2195 3006 ἡ
2229 2932 2437 3006 βασιλὶς

301 3005 480 3076 ἐκείνη
522 3004 669 3078 pr
819 3003 887 3059 15
923 3013 1084 3062 ταῦτα
1121 3001 1167 3063 C

200 3221 260 3281 id
296 3224 730 3297 suspicaretur,
770 3222 936 3296 quod
971 3223 1071 3281 illc
1107 3224 1228 3281 iam
1269 3224 1615 3297 suspicatus
1652 3229 1760 3296 est,
1796 3222 1913 3282 boc
1937 3238 2004 3283 se
2032 3219 2230 3282 edisse
2268 3223 2439 3282 dixit.

127 3353 133 3358 ,
200 3295 365 3370 Rege
404 3302 610 3354 autem
649 3297 830 3354 etiam
870 3303 1056 3370 atque
1100 3297 1284 3355 etiam
1329 3298 1750 3370 interrogante
1796 3297 2016 3364 acrius,
2072 3297 2175 3354 ilio
2218 3296 2533 3356 iurem-88

201 3370 390 3426 rande
430 3369 771 3426 affirmabat
808 3384 873 3425 sc
909 3370 1136 3427 malum
1174 3368 1389 3427 edisse.
1464 3370 1652 3428 Effert
1697 3369 1814 3428 hoc
1850 3369 2073 3428 malum
2110 3369 2534 3443 imperatorin

201 3441 412 3513 plenus
467 3444 614 3499 irae.
689 3441 789 3498 Sic
845 3443 946 3499 iila
997 3444 1060 3498 in
1109 3442 1432 3501 manifesto
1482 3443 1861 3515 deprehensa
1906 3443 2223 3500 mendacio
2276 3443 2438 3514 regis

202 3516 461 3588 suspicio
500 3516 586 3571 ita
625 3520 714 3572 est
754 3513 1126 3584 confirmata,
1162 3521 1231 3571 ut
1254 3514 1550 3572 Paulinus
1581 3515 1658 3572 de
1690 3516 1844 3572 falsa
1881 3515 2226 3587 suspicione
2263 3513 2532 3571 neca-35

202 3596 366 3643 retur
393 3594 451 3645 et
480 3587 753 3644 Eudocia
788 3593 948 3645 essct
986 3589 1045 3645 iu
1088 3587 1246 3644 odio.
1322 3588 1493 3656 Quae
1531 3604 1668 3645 cum
1703 3589 2099 3660 impetrasset,
2136 3593 2206 3643 ut
2229 3586 2530 3645 Hiero-86

203 3659 431 3731 solyma
479 3662 693 3730 abiret,
752 3661 971 3733 opibus
1008 3661 1249 3731 magnis
1288 3666 1347 3716 ct
1385 3661 1611 3732 templa
1648 3660 1731 3716 ibi
1769 3660 2115 3717 aedificavit
2152 3664 2213 3716 et
2248 3660 2438 3716 multa

203 3733 521 3803 egentibus
571 3748 645 3789 ac
700 3734 1098 3802 monasteriis„
1157 3748 1316 3804 quae
1356 3733 1475 3788 iliic
1523 3739 1714 3801 erant,
1771 3732 1952 3788 dedit.
2026 3732 2196 3787 illinc
2234 3736 2436 3788 autem
2457 3730 2530 3790 ³7

202 3818 447 3861 reversa
485 3805 757 3866 Eudocia
796 3811 933 3878 post
969 3812 1221 3862 mortem
1263 3805 1460 3861 mariti
1501 3806 1718 3861 iterum
1757 3802 1972 3861 'codem
2020 3804 2186 3861 venit
2232 3803 2439 3874 ibique

202 3887 439 3934 mortua
496 3884 602 3933 ost.
678 3880 848 3944 Quae
900 3894 1080 3950 quam
1134 3878 1376 3934 erudita
1432 3877 1631 3945 suerit,
1690 3877 2104 3933 demonstrant
2153 3875 2532 3933 Homero-38

205 3957 424 4006 centra.
500 3950 650 4005 Nam
701 3967 836 4007 cum
876 3951 1176 4007 Patricius
1227 3950 1474 4021 quidam
1523 3948 1866 4005 incohassct
1903 3948 1964 4003 id
2004 3963 2158 4019 opus
2193 3946 2301 4004 sed
2340 3948 2532 4005 itu-39

203 4026 534 4092 perfectum
575 4029 650 4094 et,
707 4030 774 4079 ut
821 4024 905 4079 ita
955 4024 1169 4092 dicam,
1226 4023 1632 4078 membrorum
1671 4037 1889 4092 expers
1926 4019 2285 4091 reliquisset,
2339 4019 2442 4075 ina

205 4097 261 4148 et
298 4095 374 4150 ad
416 4096 595 4151 finem
634 4096 923 4167 perduxit
960 4101 1020 4152 et
1057 4095 1342 4151 membris
1380 4095 1682 4161 instruxit,
1721 4099 1789 4148 ut
1814 4100 1873 4148 et
1899 4108 1988 4161 ea,
2032 4108 2191 4163 quac
2223 4093 2301 4149 ab
2338 4091 2441 4147 iila

205 4168 479 4223 versibus
521 4166 776 4223 heroicis
815 4169 983 4239 operi
1022 4168 1299 4239 praefixa
1337 4172 1494 4236 sunt,
1534 4166 1877 4236 legentibus
1920 4165 2249 4222 declarant.
2294 4218 2298 4222 .

380 4238 528 4295 Mori
538 4246 634 4295 tur
645 4256 755 4295 rex
768 4239 1150 4296 Theodosius
1162 4240 1748 4311 quinquagenarius,
1760 4241 2079 4309 postquam
2094 4252 2300 4294 omnes
2313 4235 2442 4293 sere
2459 4235 2535 4295 40

102 4345 106 4350 ·
207 4324 312 4382 por
349 4314 515 4368 vitae
555 4327 748 4368 annos
786 4311 1072 4383 regnavit
1110 4326 1337 4383 eosque
1375 4311 1773 4384 paucissimos
1809 4324 1945 4366 cum
1974 4314 2166 4383 patre,
2205 4314 2442 4367 ceteros
