<?xml version="1.0" encoding="UTF-8"?>
<!DOCTYPE html PUBLIC "-//W3C//DTD XHTML 1.0 Transitional//EN"
    "http://www.w3.org/TR/xhtml1/DTD/xhtml1-transitional.dtd">
<html xmlns="http://www.w3.org/1999/xhtml" xml:lang="en" lang="en">
 <head>
  <title>
</title>
<meta http-equiv="Content-Type" content="text/html;charset=utf-8" />
  <meta name='ocr-system' content='tesseract 3.04.00' />
  <meta name='ocr-capabilities' content='ocr_page ocr_carea ocr_par ocr_line ocrx_word'/>
</head>
<body>
  <div class='ocr_page' id='page_1' title='image "./corpusscriptoru13berlgoog/corpusscriptoru13berlgoog_0299.png"; bbox 0 0 2870 4966; ppageno 0'>
   <div class='ocr_carea' id='block_1_1' title="bbox 452 312 2090 423">
    <p class='ocr_par' dir='ltr' id='par_1_1' title="bbox 452 312 2090 423">
     <span class='ocr_line' id='line_1_1' title="bbox 452 312 2090 423; baseline 0.008 -46"><span class='ocrx_word' id='word_1_1' title='bbox 452 325 563 392; x_wconf 72' lang='lat'><strong><em>258</em></strong></span> <span class='ocrx_word' id='word_1_2' title='bbox 1053 416 1057 423; x_wconf 15' lang='lat'><strong>‘</strong></span> <span class='ocrx_word' id='word_1_3' title='bbox 1097 312 1377 388; x_wconf 79' lang='lat' dir='ltr'>ZONAR.</span> <span class='ocrx_word' id='word_1_4' title='bbox 1414 317 1617 389; x_wconf 76' lang='grc' dir='ltr'><strong><em>ΕΡΙΤ.</em></strong></span> <span class='ocrx_word' id='word_1_5' title='bbox 1653 316 1767 390; x_wconf 75' lang='lat' dir='ltr'><strong><em>XV</em></strong></span> <span class='ocrx_word' id='word_1_6' title='bbox 1801 330 1854 406; x_wconf 83' lang='lat'><strong><em>3,</em></strong></span> <span class='ocrx_word' id='word_1_7' title='bbox 1896 318 2090 390; x_wconf 75' lang='lat'><strong>1-13.</strong></span> 
     </span>
    </p>
   </div>
   <div class='ocr_carea' id='block_1_2' title="bbox 298 513 2848 2635">
    <p class='ocr_par' dir='ltr' id='par_1_2' title="bbox 385 513 2720 924">
     <span class='ocr_line' id='line_1_2' title="bbox 385 513 2719 609; baseline 0.003 -23"><span class='ocrx_word' id='word_1_8' title='bbox 385 523 433 586; x_wconf 83' lang='lat'><em>0</em></span> <span class='ocrx_word' id='word_1_9' title='bbox 450 517 614 587; x_wconf 89' lang='grc' dir='ltr'><strong><em>ίασιν</em></strong></span> <span class='ocrx_word' id='word_1_10' title='bbox 656 517 946 609; x_wconf 79' lang='grc' dir='ltr'><strong><em>Ἑβραῖοι</em></strong></span> <span class='ocrx_word' id='word_1_11' title='bbox 1004 513 1126 584; x_wconf 76' lang='grc' dir='ltr'><strong><em>δύο</em></strong></span> <span class='ocrx_word' id='word_1_12' title='bbox 1184 513 1262 581; x_wconf 78' lang='grc' dir='ltr'><strong><em>’τὸ</em></strong></span> <span class='ocrx_word' id='word_1_13' title='bbox 1290 572 1294 577; x_wconf 91' lang='grc'><strong><em>.</em></strong></span> <span class='ocrx_word' id='word_1_14' title='bbox 1318 515 1704 605; x_wconf 70' lang='grc' dir='ltr'><strong><em>ἐπιτήδευμα</em></strong></span> <span class='ocrx_word' id='word_1_15' title='bbox 1763 515 2004 607; x_wconf 84' lang='grc' dir='ltr'><strong><em>γόητες,</em></strong></span> <span class='ocrx_word' id='word_1_16' title='bbox 2072 519 2135 586; x_wconf 81' lang='lat' dir='ltr'><strong><em>ol</em></strong></span> <span class='ocrx_word' id='word_1_17' title='bbox 2190 516 2261 587; x_wconf 76' lang='grc' dir='ltr'><strong><em>ἀὲ</em></strong></span> <span class='ocrx_word' id='word_1_18' title='bbox 2315 518 2719 609; x_wconf 75' lang='grc' dir='ltr'><strong><em>ἀστρολογίαν</em></strong></span> 
     </span>
     <span class='ocr_line' id='line_1_3' title="bbox 449 623 2720 717; baseline 0.001 -25"><span class='ocrx_word' id='word_1_19' title='bbox 449 623 666 714; x_wconf 84' lang='grc' dir='ltr'><strong><em>ἔλεγον</em></strong></span> <span class='ocrx_word' id='word_1_20' title='bbox 708 626 981 711; x_wconf 76' lang='grc' dir='ltr'><strong><em>μετιέναι</em></strong></span> <span class='ocrx_word' id='word_1_21' title='bbox 1025 623 1378 698; x_wconf 82' lang='grc' dir='ltr'><strong><em>κάντεῦθεν</em></strong></span> <span class='ocrx_word' id='word_1_22' title='bbox 1422 623 1653 691; x_wconf 77' lang='grc' dir='ltr'><strong><em>εἰδέναι</em></strong></span> <span class='ocrx_word' id='word_1_23' title='bbox 1697 624 1773 690; x_wconf 85' lang='grc' dir='ltr'><strong><em>τὰ</em></strong></span> <span class='ocrx_word' id='word_1_24' title='bbox 1825 624 2157 712; x_wconf 82' lang='grc' dir='ltr'><strong><em>μέλλοντα,</em></strong></span> <span class='ocrx_word' id='word_1_25' title='bbox 2223 623 2333 693; x_wconf 77' lang='grc' dir='ltr'><strong><em>καὶ</em></strong></span> <span class='ocrx_word' id='word_1_26' title='bbox 2378 633 2472 714; x_wconf 77' lang='grc' dir='ltr'><strong><em>τῷ</em></strong></span> <span class='ocrx_word' id='word_1_27' title='bbox 2502 628 2720 717; x_wconf 77' lang='grc' dir='ltr'><strong><em>Ἄραβι</em></strong></span> 
     </span>
     <span class='ocr_line' id='line_1_4' title="bbox 446 727 2718 819; baseline 0.004 -25"><span class='ocrx_word' id='word_1_28' title='bbox 446 729 561 817; x_wconf 81' lang='grc' dir='ltr'><strong><em>τὴν</em></strong></span> <span class='ocrx_word' id='word_1_29' title='bbox 615 729 845 817; x_wconf 83' lang='grc' dir='ltr'><strong><em>ἀρχὴν</em></strong></span> <span class='ocrx_word' id='word_1_30' title='bbox 878 728 1334 819; x_wconf 76' lang='grc' dir='ltr'><strong><em>ἐπηγγέλλοντο</em></strong></span> <span class='ocrx_word' id='word_1_31' title='bbox 1389 727 1499 796; x_wconf 77' lang='grc' dir='ltr'><strong><em>καὶ</em></strong></span> <span class='ocrx_word' id='word_1_32' title='bbox 1554 728 1669 817; x_wconf 82' lang='grc' dir='ltr'><strong><em>τὴν</em></strong></span> <span class='ocrx_word' id='word_1_33' title='bbox 1734 728 1914 817; x_wconf 81' lang='grc' dir='ltr'><strong><em>ζωὴν</em></strong></span> <span class='ocrx_word' id='word_1_34' title='bbox 1975 728 2419 819; x_wconf 86' lang='grc' dir='ltr'><strong><em>πολυχρόνιον,</em></strong></span> <span class='ocrx_word' id='word_1_35' title='bbox 2485 734 2544 799; x_wconf 83' lang='grc' dir='ltr'><strong><em>εἰ</em></strong></span> <span class='ocrx_word' id='word_1_36' title='bbox 2596 740 2718 802; x_wconf 91' lang='grc' dir='ltr'><strong><em>τῶν</em></strong></span> 
     </span>
     <span class='ocr_line' id='line_1_5' title="bbox 448 833 2719 924; baseline 0.003 -23"><span class='ocrx_word' id='word_1_37' title='bbox 448 834 804 923; x_wconf 74' lang='grc' dir='ltr'><strong><em>ἐκκλησιῶν</em></strong></span> <span class='ocrx_word' id='word_1_38' title='bbox 866 840 999 903; x_wconf 89' lang='grc' dir='ltr'><strong><em>τῶν</em></strong></span> <span class='ocrx_word' id='word_1_39' title='bbox 1061 833 1531 922; x_wconf 82' lang='grc' dir='ltr'><strong><em>χριστωνύμων</em></strong></span> <span class='ocrx_word' id='word_1_40' title='bbox 1594 834 1669 901; x_wconf 82' lang='grc' dir='ltr'><strong><em>τὰ</em></strong></span> <span class='ocrx_word' id='word_1_41' title='bbox 1726 841 1840 905; x_wconf 85' lang='grc' dir='ltr'><strong><em>τοῦ</em></strong></span> <span class='ocrx_word' id='word_1_42' title='bbox 1886 834 2173 922; x_wconf 83' lang='grc' dir='ltr'><strong><em>Χριστοῦ</em></strong></span> <span class='ocrx_word' id='word_1_43' title='bbox 2197 898 2200 900; x_wconf 74' lang='grc'>,</span> <span class='ocrx_word' id='word_1_44' title='bbox 2225 835 2337 903; x_wconf 78' lang='grc' dir='ltr'><strong><em>καὶ</em></strong></span> <span class='ocrx_word' id='word_1_45' title='bbox 2381 843 2491 924; x_wconf 88' lang='grc' dir='ltr'><strong><em>τῆς</em></strong></span> <span class='ocrx_word' id='word_1_46' title='bbox 2535 838 2719 907; x_wconf 77' lang='grc' dir='ltr'><strong><em>αὐτὸν</em></strong></span> 
     </span>
    </p>

    <p class='ocr_par' dir='ltr' id='par_1_3' title="bbox 393 939 2763 1140">
     <span class='ocr_line' id='line_1_6' title="bbox 393 939 2763 1030; baseline 0.002 -25"><span class='ocrx_word' id='word_1_47' title='bbox 393 947 430 1005; x_wconf 82' lang='grc'>2</span> <span class='ocrx_word' id='word_1_48' title='bbox 447 940 755 1028; x_wconf 84' lang='grc' dir='ltr'><strong><em>τεκούσης</em></strong></span> <span class='ocrx_word' id='word_1_49' title='bbox 801 941 1062 1029; x_wconf 77' lang='grc' dir='ltr'><strong><em>ἐκβαλεῖ</em></strong></span> <span class='ocrx_word' id='word_1_50' title='bbox 1100 939 1174 1006; x_wconf 81' lang='grc' dir='ltr'><strong><em>τὰ</em></strong></span> <span class='ocrx_word' id='word_1_51' title='bbox 1223 940 1672 1026; x_wconf 81' lang='grc' dir='ltr'><strong><em>ἐκτυπώματα.</em></strong></span> <span class='ocrx_word' id='word_1_52' title='bbox 1767 939 1877 1007; x_wconf 80' lang='grc' dir='ltr'><strong><em>καὶ</em></strong></span> <span class='ocrx_word' id='word_1_53' title='bbox 1923 941 1962 1007; x_wconf 87' lang='grc' dir='ltr'>ὁ</span> <span class='ocrx_word' id='word_1_54' title='bbox 2006 940 2503 1029; x_wconf 84' lang='grc' dir='ltr'><strong><em>βάρβαροςούκ</em></strong></span> <span class='ocrx_word' id='word_1_55' title='bbox 2534 943 2763 1030; x_wconf 57' lang='grc' dir='ltr'><strong><em>ἠμέλιῡ</em></strong></span> 
     </span>
     <span class='ocr_line' id='line_1_7' title="bbox 447 1041 2718 1140; baseline 0.001 -29"><span class='ocrx_word' id='word_1_56' title='bbox 447 1045 652 1132; x_wconf 86' lang='grc' dir='ltr'><strong><em>λησεν,</em></strong></span> <span class='ocrx_word' id='word_1_57' title='bbox 718 1042 851 1112; x_wconf 79' lang='grc' dir='ltr'><strong><em>ἀλλ’</em></strong></span> <span class='ocrx_word' id='word_1_58' title='bbox 902 1047 974 1113; x_wconf 79' lang='grc' dir='ltr'><strong><em>ἐκ</em></strong></span> <span class='ocrx_word' id='word_1_59' title='bbox 1019 1045 1282 1113; x_wconf 82' lang='grc' dir='ltr'><strong><em>πάντων</em></strong></span> <span class='ocrx_word' id='word_1_60' title='bbox 1326 1051 1458 1112; x_wconf 88' lang='grc' dir='ltr'><strong><em>τῶν</em></strong></span> <span class='ocrx_word' id='word_1_61' title='bbox 1520 1047 1589 1112; x_wconf 89' lang='grc' dir='ltr'><strong><em>ἐν</em></strong></span> <span class='ocrx_word' id='word_1_62' title='bbox 1643 1050 1721 1133; x_wconf 84' lang='grc' dir='ltr'><strong><em>τῇ</em></strong></span> <span class='ocrx_word' id='word_1_63' title='bbox 1777 1041 1908 1140; x_wconf 24' lang='grc' dir='ltr'><strong><em>ὑπ’,</em></strong></span> <span class='ocrx_word' id='word_1_64' title='bbox 1954 1045 2150 1113; x_wconf 79' lang='grc' dir='ltr'><strong><em>αὐτὸν</em></strong></span> <span class='ocrx_word' id='word_1_65' title='bbox 2211 1041 2476 1134; x_wconf 83' lang='grc' dir='ltr'><strong><em>τελούσῃ</em></strong></span> <span class='ocrx_word' id='word_1_66' title='bbox 2540 1050 2718 1137; x_wconf 78' lang='grc' dir='ltr'><strong><em>χώρᾳ</em></strong></span> 
     </span>
    </p>

    <p class='ocr_par' dir='ltr' id='par_1_4' title="bbox 393 1150 2719 1345">
     <span class='ocr_line' id='line_1_8' title="bbox 393 1150 2718 1239; baseline 0.002 -22"><span class='ocrx_word' id='word_1_67' title='bbox 393 1158 430 1216; x_wconf 82' lang='grc'><strong>3</strong></span> <span class='ocrx_word' id='word_1_68' title='bbox 448 1156 627 1217; x_wconf 87' lang='grc' dir='ltr'><strong><em>ναῶν</em></strong></span> <span class='ocrx_word' id='word_1_69' title='bbox 689 1150 800 1225; x_wconf 80' lang='grc' dir='ltr'><strong><em>τὰς</em></strong></span> <span class='ocrx_word' id='word_1_70' title='bbox 865 1151 1094 1225; x_wconf 84' lang='grc' dir='ltr'><strong><em>σεπτὰς</em></strong></span> <span class='ocrx_word' id='word_1_71' title='bbox 1157 1152 1411 1225; x_wconf 87' lang='grc' dir='ltr'><strong><em>εἰκόνας</em></strong></span> <span class='ocrx_word' id='word_1_72' title='bbox 1478 1151 1763 1238; x_wconf 80' lang='grc' dir='ltr'><strong><em>ἠφάνισε.</em></strong></span> <span class='ocrx_word' id='word_1_73' title='bbox 1856 1150 1965 1218; x_wconf 81' lang='grc' dir='ltr'><strong><em>καὶ</em></strong></span> <span class='ocrx_word' id='word_1_74' title='bbox 2011 1153 2052 1239; x_wconf 81' lang='grc' dir='ltr'>ἡ</span> <span class='ocrx_word' id='word_1_75' title='bbox 2101 1152 2246 1219; x_wconf 88' lang='grc' dir='ltr'><strong><em>θεία</em></strong></span> <span class='ocrx_word' id='word_1_76' title='bbox 2291 1153 2449 1239; x_wconf 67' lang='grc' dir='ltr'><strong><em>’ὁίκη</em></strong></span> <span class='ocrx_word' id='word_1_77' title='bbox 2505 1159 2718 1221; x_wconf 86' lang='grc' dir='ltr'><strong><em>τοῦτον</em></strong></span> 
     </span>
     <span class='ocr_line' id='line_1_9' title="bbox 445 1255 2719 1345; baseline 0.002 -24"><span class='ocrx_word' id='word_1_78' title='bbox 445 1255 762 1343; x_wconf 73' lang='grc' dir='ltr'><strong><em>μετῆλθεν</em></strong></span> <span class='ocrx_word' id='word_1_79' title='bbox 819 1257 942 1323; x_wconf 81' lang='grc' dir='ltr'><strong><em>οὐκ</em></strong></span> <span class='ocrx_word' id='word_1_80' title='bbox 1001 1257 1089 1330; x_wconf 87' lang='grc' dir='ltr'><strong><em>εἰς</em></strong></span> <span class='ocrx_word' id='word_1_81' title='bbox 1132 1257 1412 1344; x_wconf 87' lang='grc' dir='ltr'><strong><em>μακράν.</em></strong></span> <span class='ocrx_word' id='word_1_82' title='bbox 1507 1258 1695 1324; x_wconf 84' lang='grc' dir='ltr'><strong><em>οὔπω</em></strong></span> <span class='ocrx_word' id='word_1_83' title='bbox 1744 1255 1866 1344; x_wconf 83' lang='grc' dir='ltr'><strong><em>γὰρ</em></strong></span> <span class='ocrx_word' id='word_1_84' title='bbox 1911 1255 2247 1345; x_wconf 74' lang='grc' dir='ltr'><strong><em>παρῆλθεν</em></strong></span> <span class='ocrx_word' id='word_1_85' title='bbox 2295 1255 2576 1330; x_wconf 83' lang='grc' dir='ltr'><strong><em>ἐνιαυτὸς</em></strong></span> <span class='ocrx_word' id='word_1_86' title='bbox 2619 1260 2719 1326; x_wconf 81' lang='grc' dir='ltr'><strong><em>καὶ</em></strong></span> 
     </span>
    </p>

    <p class='ocr_par' dir='ltr' id='par_1_5' title="bbox 391 1360 2790 1662">
     <span class='ocr_line' id='line_1_10' title="bbox 391 1360 2718 1451; baseline 0 -24"><span class='ocrx_word' id='word_1_87' title='bbox 391 1361 487 1427; x_wconf 80' lang='grc' dir='ltr'><strong><em>4ὁ</em></strong></span> <span class='ocrx_word' id='word_1_88' title='bbox 535 1361 804 1436; x_wconf 75' lang='grc' dir='ltr'><strong><em>δείλαιος</em></strong></span> <span class='ocrx_word' id='word_1_89' title='bbox 848 1360 962 1449; x_wconf 84' lang='grc' dir='ltr'><strong><em>τὴν</em></strong></span> <span class='ocrx_word' id='word_1_90' title='bbox 1009 1360 1189 1449; x_wconf 87' lang='grc' dir='ltr'><strong><em>ζωὴν</em></strong></span> <span class='ocrx_word' id='word_1_91' title='bbox 1236 1362 1570 1450; x_wconf 86' lang='grc' dir='ltr'><strong><em>ἐζημίωτο.</em></strong></span> <span class='ocrx_word' id='word_1_92' title='bbox 1665 1362 1702 1427; x_wconf 86' lang='grc' dir='ltr'>ὁ</span> <span class='ocrx_word' id='word_1_93' title='bbox 1752 1362 1822 1429; x_wconf 82' lang='grc' dir='ltr'><strong><em>ὁὲ</em></strong></span> <span class='ocrx_word' id='word_1_94' title='bbox 1872 1362 2099 1429; x_wconf 91' lang='grc' dir='ltr'><strong><em>τούτου</em></strong></span> <span class='ocrx_word' id='word_1_95' title='bbox 2153 1368 2304 1435; x_wconf 89' lang='grc' dir='ltr'><strong><em>παῖς</em></strong></span> <span class='ocrx_word' id='word_1_96' title='bbox 2359 1368 2472 1450; x_wconf 85' lang='grc' dir='ltr'><strong><em>τῆς</em></strong></span> <span class='ocrx_word' id='word_1_97' title='bbox 2525 1363 2718 1451; x_wconf 82' lang='grc' dir='ltr'><strong><em>ἀρχῆς</em></strong></span> 
     </span>
     <span class='ocr_line' id='line_1_11' title="bbox 449 1466 2790 1555; baseline 0.001 -22"><span class='ocrx_word' id='word_1_98' title='bbox 449 1466 752 1554; x_wconf 76' lang='grc' dir='ltr'><strong><em>διάδοχος</em></strong></span> <span class='ocrx_word' id='word_1_99' title='bbox 799 1467 1082 1554; x_wconf 86' lang='grc' dir='ltr'><strong><em>γεγονὼς</em></strong></span> <span class='ocrx_word' id='word_1_100' title='bbox 1126 1467 1274 1542; x_wconf 84' lang='grc' dir='ltr'><strong><em>τοὺς</em></strong></span> <span class='ocrx_word' id='word_1_101' title='bbox 1329 1468 1796 1555; x_wconf 78' lang='grc' dir='ltr'><strong><em>ψευὸομάντεις</em></strong></span> <span class='ocrx_word' id='word_1_102' title='bbox 1855 1469 2136 1541; x_wconf 75' lang='grc' dir='ltr'><strong><em>ἐκείνους</em></strong></span> <span class='ocrx_word' id='word_1_103' title='bbox 2201 1467 2420 1553; x_wconf 78' lang='grc' dir='ltr'><strong><em>ἐζήτει,</em></strong></span> <span class='ocrx_word' id='word_1_104' title='bbox 2486 1473 2595 1554; x_wconf 88' lang='grc' dir='ltr'><strong><em>τῆς</em></strong></span> <span class='ocrx_word' id='word_1_105' title='bbox 2638 1471 2718 1543; x_wconf 90' lang='grc' dir='ltr'><strong><em>εἰς</em></strong></span> <span class='ocrx_word' id='word_1_106' title='bbox 2735 1484 2790 1544; x_wconf 83' lang='grc'><strong><em>10</em></strong></span> 
     </span>
     <span class='ocr_line' id='line_1_12' title="bbox 447 1568 2717 1662; baseline 0.002 -25"><span class='ocrx_word' id='word_1_107' title='bbox 447 1571 557 1639; x_wconf 84' lang='grc' dir='ltr'><strong><em>τὸν</em></strong></span> <span class='ocrx_word' id='word_1_108' title='bbox 601 1571 861 1639; x_wconf 87' lang='grc' dir='ltr'><strong><em>τεκόντα</em></strong></span> <span class='ocrx_word' id='word_1_109' title='bbox 920 1572 1165 1660; x_wconf 82' lang='grc' dir='ltr'><strong><em>ἀπάτης</em></strong></span> <span class='ocrx_word' id='word_1_110' title='bbox 1216 1573 1510 1639; x_wconf 88' lang='grc' dir='ltr'><strong><em>τίσασθαι</em></strong></span> <span class='ocrx_word' id='word_1_111' title='bbox 1566 1573 2137 1662; x_wconf 75' lang='grc' dir='ltr'><strong><em>προθυμούμενος.</em></strong></span> <span class='ocrx_word' id='word_1_112' title='bbox 2227 1568 2360 1637; x_wconf 81' lang='grc' dir='ltr'><strong><em>ἀλλ’</em></strong></span> <span class='ocrx_word' id='word_1_113' title='bbox 2429 1573 2717 1660; x_wconf 79' lang='grc' dir='ltr'><strong><em>ἔφθησαν</em></strong></span> 
     </span>
    </p>

    <p class='ocr_par' dir='ltr' id='par_1_6' title="bbox 298 1676 2848 2398">
     <span class='ocr_line' id='line_1_13' title="bbox 298 1676 2715 1765; baseline 0.001 -22"><span class='ocrx_word' id='word_1_114' title='bbox 298 1684 354 1743; x_wconf 91' lang='lat' dir='ltr'>D</span> <span class='ocrx_word' id='word_1_115' title='bbox 393 1685 430 1742; x_wconf 77' lang='lat'><strong>5</strong></span> <span class='ocrx_word' id='word_1_116' title='bbox 448 1678 676 1744; x_wconf 81' lang='grc' dir='ltr'><strong><em>ἐκεῖνοι</em></strong></span> <span class='ocrx_word' id='word_1_117' title='bbox 739 1683 964 1764; x_wconf 82' lang='grc' dir='ltr'><strong><em>φυγεῖν</em></strong></span> <span class='ocrx_word' id='word_1_118' title='bbox 1028 1678 1275 1744; x_wconf 77' lang='grc' dir='ltr'><strong><em>ἐκεῖθεν</em></strong></span> <span class='ocrx_word' id='word_1_119' title='bbox 1337 1676 1447 1744; x_wconf 80' lang='grc' dir='ltr'><strong><em>καὶ</em></strong></span> <span class='ocrx_word' id='word_1_120' title='bbox 1513 1680 1601 1751; x_wconf 88' lang='grc' dir='ltr'><strong><em>εἰς</em></strong></span> <span class='ocrx_word' id='word_1_121' title='bbox 1657 1678 1976 1765; x_wconf 86' lang='grc' dir='ltr'><strong><em>Ἰσαυρίαν</em></strong></span> <span class='ocrx_word' id='word_1_122' title='bbox 2039 1678 2453 1765; x_wconf 81' lang='grc' dir='ltr'><strong><em>κατήντησαν.</em></strong></span> <span class='ocrx_word' id='word_1_123' title='bbox 2564 1680 2715 1746; x_wconf 78' lang='grc' dir='ltr'><strong><em>ἔνθα</em></strong></span> 
     </span>
     <span class='ocr_line' id='line_1_14' title="bbox 445 1782 2716 1871; baseline 0.001 -22"><span class='ocrx_word' id='word_1_124' title='bbox 445 1782 882 1871; x_wconf 83' lang='grc' dir='ltr'><strong><em>περιτυχόντες</em></strong></span> <span class='ocrx_word' id='word_1_125' title='bbox 944 1783 1153 1869; x_wconf 84' lang='grc' dir='ltr'><strong><em>τούτῳ</em></strong></span> <span class='ocrx_word' id='word_1_126' title='bbox 1215 1789 1309 1870; x_wconf 81' lang='grc' dir='ltr'><strong><em>τῷ</em></strong></span> <span class='ocrx_word' id='word_1_127' title='bbox 1366 1782 1614 1869; x_wconf 83' lang='grc' dir='ltr'><strong><em>Λέοντι,</em></strong></span> <span class='ocrx_word' id='word_1_128' title='bbox 1681 1784 1896 1869; x_wconf 81' lang='grc' dir='ltr'><strong><em>νεανίᾳ</em></strong></span> <span class='ocrx_word' id='word_1_129' title='bbox 1962 1784 2349 1870; x_wconf 80' lang='grc' dir='ltr'><strong><em>τυγχάνοντι,</em></strong></span> <span class='ocrx_word' id='word_1_130' title='bbox 2414 1784 2716 1871; x_wconf 84' lang='grc' dir='ltr'><strong><em>βαναύσῳ</em></strong></span> 
     </span>
     <span class='ocr_line' id='line_1_15' title="bbox 445 1887 2716 1983; baseline 0.002 -30"><span class='ocrx_word' id='word_1_131' title='bbox 445 1887 519 1955; x_wconf 87' lang='grc' dir='ltr'><strong><em>τὸ</em></strong></span> <span class='ocrx_word' id='word_1_132' title='bbox 574 1889 980 1976; x_wconf 75' lang='grc' dir='ltr'><strong><em>ἐπιτήδευμα,</em></strong></span> <span class='ocrx_word' id='word_1_133' title='bbox 1046 1888 1160 1975; x_wconf 87' lang='grc' dir='ltr'><strong><em>τὴν</em></strong></span> <span class='ocrx_word' id='word_1_134' title='bbox 1223 1894 1354 1954; x_wconf 90' lang='grc' dir='ltr'><strong><em>τῶν</em></strong></span> <span class='ocrx_word' id='word_1_135' title='bbox 1393 1888 1738 1983; x_wconf 82' lang='grc' dir='ltr'><strong><em>Ῥωμαίων</em></strong></span> <span class='ocrx_word' id='word_1_136' title='bbox 1792 1889 2337 1975; x_wconf 83' lang='grc' dir='ltr'><strong><em>προμαντεύονται</em></strong></span> <span class='ocrx_word' id='word_1_137' title='bbox 2390 1888 2716 1974; x_wconf 88' lang='grc' dir='ltr'><strong><em>βασιλείαν.</em></strong></span> 
     </span>
     <span class='ocr_line' id='line_1_16' title="bbox 393 1988 2848 2083; baseline 0.001 -22"><span class='ocrx_word' id='word_1_138' title='bbox 393 2000 560 2061; x_wconf 83' lang='grc' dir='ltr'><strong><em>6τοῦ</em></strong></span> <span class='ocrx_word' id='word_1_139' title='bbox 608 1993 679 2061; x_wconf 77' lang='grc' dir='ltr'><strong><em>δὲ</em></strong></span> <span class='ocrx_word' id='word_1_140' title='bbox 722 1992 889 2079; x_wconf 84' lang='grc' dir='ltr'><strong><em>πρὸς</em></strong></span> <span class='ocrx_word' id='word_1_141' title='bbox 932 1992 1048 2081; x_wconf 88' lang='grc' dir='ltr'><strong><em>τὴν</em></strong></span> <span class='ocrx_word' id='word_1_142' title='bbox 1095 1994 1334 2061; x_wconf 83' lang='grc' dir='ltr'><strong><em>οἰκείαν</em></strong></span> <span class='ocrx_word' id='word_1_143' title='bbox 1379 1995 1765 2081; x_wconf 81' lang='grc' dir='ltr'><strong><em>ἀφορῶντος</em></strong></span> <span class='ocrx_word' id='word_1_144' title='bbox 1809 1988 2043 2081; x_wconf 71' lang='grc' dir='ltr'><strong><em>τύχην,1</em></strong></span> <span class='ocrx_word' id='word_1_145' title='bbox 2081 1995 2514 2083; x_wconf 79' lang='grc' dir='ltr'><strong><em>ἀφεστηκυῖαν</em></strong></span> <span class='ocrx_word' id='word_1_146' title='bbox 2557 1995 2776 2061; x_wconf 74' lang='grc' dir='ltr'><strong><em>πάνυῐ)</em></strong></span> <span class='ocrx_word' id='word_1_147' title='bbox 2794 2006 2848 2063; x_wconf 86' lang='grc' dir='ltr'><strong><em>ΙΙΙ</em></strong></span> 
     </span>
     <span class='ocr_line' id='line_1_17' title="bbox 444 2098 2718 2187; baseline 0 -23"><span class='ocrx_word' id='word_1_148' title='bbox 444 2122 575 2165; x_wconf 91' lang='grc' dir='ltr'><strong><em>που</em></strong></span> <span class='ocrx_word' id='word_1_149' title='bbox 638 2098 872 2185; x_wconf 87' lang='grc' dir='ltr'><strong><em>πόρρω</em></strong></span> <span class='ocrx_word' id='word_1_150' title='bbox 936 2100 1228 2186; x_wconf 89' lang='grc' dir='ltr'><strong><em>τοιαύτης</em></strong></span> <span class='ocrx_word' id='word_1_151' title='bbox 1291 2100 1516 2187; x_wconf 88' lang='grc' dir='ltr'><strong><em>ἀρχῆς,</em></strong></span> <span class='ocrx_word' id='word_1_152' title='bbox 1583 2099 1692 2166; x_wconf 82' lang='grc' dir='ltr'><strong><em>καὶ</em></strong></span> <span class='ocrx_word' id='word_1_153' title='bbox 1746 2106 1877 2172; x_wconf 87' lang='grc' dir='ltr'><strong><em>τοῖς</em></strong></span> <span class='ocrx_word' id='word_1_154' title='bbox 1933 2100 2198 2166; x_wconf 78' lang='grc' dir='ltr'><strong><em>ἐκείνων</em></strong></span> <span class='ocrx_word' id='word_1_155' title='bbox 2257 2101 2718 2174; x_wconf 81' lang='grc' dir='ltr'><strong><em>ὁιαπιστοῢντος</em></strong></span> 
     </span>
     <span class='ocr_line' id='line_1_18' title="bbox 446 2204 2718 2297; baseline 0 -28"><span class='ocrx_word' id='word_1_156' title='bbox 446 2211 780 2291; x_wconf 81' lang='grc' dir='ltr'><strong><em>χρησμοῖς,</em></strong></span> <span class='ocrx_word' id='word_1_157' title='bbox 852 2205 1078 2270; x_wconf 88' lang='grc' dir='ltr'><strong><em>ἐκεῖνοι</em></strong></span> <span class='ocrx_word' id='word_1_158' title='bbox 1142 2206 1589 2291; x_wconf 71' lang='grc' dir='ltr'><strong><em>συμβήσεσθαι</em></strong></span> <span class='ocrx_word' id='word_1_159' title='bbox 1652 2204 1768 2291; x_wconf 85' lang='grc' dir='ltr'><strong><em>τὴν</em></strong></span> <span class='ocrx_word' id='word_1_160' title='bbox 1830 2204 2187 2291; x_wconf 86' lang='grc' dir='ltr'><strong><em>πρόρρησιν</em></strong></span> <span class='ocrx_word' id='word_1_161' title='bbox 2242 2206 2718 2297; x_wconf 84' lang='grc' dir='ltr'><strong><em>ἀπισχυρίζοντο</em></strong></span> 
     </span>
     <span class='ocr_line' id='line_1_19' title="bbox 446 2306 2717 2398; baseline -0 -22"><span class='ocrx_word' id='word_1_162' title='bbox 446 2315 769 2395; x_wconf 86' lang='grc' dir='ltr'><strong><em>κραταιῶς</em></strong></span> <span class='ocrx_word' id='word_1_163' title='bbox 814 2309 925 2376; x_wconf 77' lang='grc' dir='ltr'><strong><em>καὶ</em></strong></span> <span class='ocrx_word' id='word_1_164' title='bbox 971 2310 1258 2398; x_wconf 81' lang='grc' dir='ltr'><strong><em>ἀπῄτουν</em></strong></span> <span class='ocrx_word' id='word_1_165' title='bbox 1312 2310 1508 2376; x_wconf 77' lang='grc' dir='ltr'><strong><em>αὐτὸν</em></strong></span> <span class='ocrx_word' id='word_1_166' title='bbox 1543 2306 1634 2376; x_wconf 73' lang='grc' dir='ltr'><strong><em>,δι’</em></strong></span> <span class='ocrx_word' id='word_1_167' title='bbox 1685 2311 1890 2396; x_wconf 87' lang='grc' dir='ltr'><strong><em>ὅρκου</em></strong></span> <span class='ocrx_word' id='word_1_168' title='bbox 1935 2311 2430 2397; x_wconf 82' lang='grc' dir='ltr'><strong><em>πληροφορῆσαι</em></strong></span> <span class='ocrx_word' id='word_1_169' title='bbox 2477 2311 2717 2387; x_wconf 83' lang='grc' dir='ltr'><strong><em>αὐτούς,</em></strong></span> 
     </span>
    </p>

    <p class='ocr_par' dir='ltr' id='par_1_7' title="bbox 393 2414 2718 2635">
     <span class='ocr_line' id='line_1_20' title="bbox 393 2414 2718 2503; baseline -0.001 -20"><span class='ocrx_word' id='word_1_170' title='bbox 393 2424 427 2483; x_wconf 80' lang='grc'><strong>7</strong></span> <span class='ocrx_word' id='word_1_171' title='bbox 448 2414 550 2481; x_wconf 79' lang='grc' dir='ltr'><strong><em>ὅτε</em></strong></span> <span class='ocrx_word' id='word_1_172' title='bbox 596 2414 773 2502; x_wconf 82' lang='grc' dir='ltr'><strong><em>τύχοι</em></strong></span> <span class='ocrx_word' id='word_1_173' title='bbox 818 2421 928 2502; x_wconf 86' lang='grc' dir='ltr'><strong><em>τῆς</em></strong></span> <span class='ocrx_word' id='word_1_174' title='bbox 974 2415 1310 2503; x_wconf 83' lang='grc' dir='ltr'><strong><em>βασιλείας,</em></strong></span> <span class='ocrx_word' id='word_1_175' title='bbox 1378 2416 1602 2503; x_wconf 75' lang='grc' dir='ltr'><strong><em>δοῦναι</em></strong></span> <span class='ocrx_word' id='word_1_176' title='bbox 1661 2416 1873 2503; x_wconf 80' lang='grc' dir='ltr'><strong><em>σφίσιν</em></strong></span> <span class='ocrx_word' id='word_1_177' title='bbox 1918 2415 1956 2480; x_wconf 87' lang='grc' dir='ltr'><strong>ὃ</strong></span> <span class='ocrx_word' id='word_1_178' title='bbox 2002 2417 2083 2481; x_wconf 80' lang='grc' dir='ltr'><strong><em>ἂν</em></strong></span> <span class='ocrx_word' id='word_1_179' title='bbox 2130 2416 2527 2502; x_wconf 87' lang='grc' dir='ltr'><strong><em>αἰτήσωνται.</em></strong></span> <span class='ocrx_word' id='word_1_180' title='bbox 2618 2416 2718 2482; x_wconf 74' lang='grc' dir='ltr'><strong><em>καὶ</em></strong></span> 
     </span>
     <span class='ocr_line' id='line_1_21' title="bbox 450 2559 2718 2635; baseline 0 -19"><span class='ocrx_word' id='word_1_181' title='bbox 450 2559 520 2616; x_wconf 83' lang='grc'><strong><em>19</em></strong></span> <span class='ocrx_word' id='word_1_182' title='bbox 556 2561 634 2616; x_wconf 78' lang='grc' dir='ltr'><strong><em>ὅτι</em></strong></span> <span class='ocrx_word' id='word_1_183' title='bbox 672 2561 730 2616; x_wconf 79' lang='grc' dir='ltr'><strong><em>οῖ</em></strong></span> <span class='ocrx_word' id='word_1_184' title='bbox 762 2559 858 2633; x_wconf 83' lang='grc' dir='ltr'><strong><em>τὴν</em></strong></span> <span class='ocrx_word' id='word_1_185' title='bbox 891 2560 1164 2633; x_wconf 86' lang='grc' dir='ltr'><strong><em>βασιλείαν</em></strong></span> <span class='ocrx_word' id='word_1_186' title='bbox 1206 2562 1734 2633; x_wconf 84' lang='grc' dir='ltr'><strong><em>προμαντευσάμενοι</em></strong></span> <span class='ocrx_word' id='word_1_187' title='bbox 1766 2562 2011 2635; x_wconf 83' lang='grc' dir='ltr'><strong><em>Ἑβραῖοι</em></strong></span> <span class='ocrx_word' id='word_1_188' title='bbox 2062 2569 2139 2633; x_wconf 80' lang='grc' dir='ltr'><strong><em>τῷ</em></strong></span> <span class='ocrx_word' id='word_1_189' title='bbox 2175 2562 2368 2618; x_wconf 79' lang='grc' dir='ltr'><strong><em>Λέοντι</em></strong></span> <span class='ocrx_word' id='word_1_190' title='bbox 2420 2560 2588 2633; x_wconf 87' lang='grc' dir='ltr'><strong><em>(παρὰ</em></strong></span> <span class='ocrx_word' id='word_1_191' title='bbox 2633 2567 2718 2617; x_wconf 78' lang='grc' dir='ltr'><strong><em>τοῦ</em></strong></span> 
     </span>
    </p>
   </div>
   <div class='ocr_carea' id='block_1_3' title="bbox 446 2632 2718 2780">
    <p class='ocr_par' dir='ltr' id='par_1_8' title="bbox 446 2632 2718 2780">
     <span class='ocr_line' id='line_1_22' title="bbox 446 2632 2718 2707; baseline 0.001 -19"><span class='ocrx_word' id='word_1_192' title='bbox 446 2632 656 2695; x_wconf 81' lang='grc' dir='ltr'><strong><em>λέοντος</em></strong></span> <span class='ocrx_word' id='word_1_193' title='bbox 694 2634 764 2700; x_wconf 88' lang='grc' dir='ltr'><strong><em>Ε)</em></strong></span> <span class='ocrx_word' id='word_1_194' title='bbox 804 2632 900 2706; x_wconf 80' lang='grc' dir='ltr'><strong><em>τὴν</em></strong></span> <span class='ocrx_word' id='word_1_195' title='bbox 937 2641 1046 2690; x_wconf 87' lang='grc' dir='ltr'><strong><em>τῶν</em></strong></span> <span class='ocrx_word' id='word_1_196' title='bbox 1083 2635 1253 2706; x_wconf 82' lang='grc' dir='ltr'><strong><em>ἁγίων</em></strong></span> <span class='ocrx_word' id='word_1_197' title='bbox 1289 2635 1520 2691; x_wconf 77' lang='grc' dir='ltr'><strong><em>εἰκόνων</em></strong></span> <span class='ocrx_word' id='word_1_198' title='bbox 1559 2634 1723 2701; x_wconf 84' lang='grc' dir='ltr'><strong><em>(κατὰ</em></strong></span> <span class='ocrx_word' id='word_1_199' title='bbox 1750 2642 1859 2692; x_wconf 88' lang='grc' dir='ltr'><strong><em>τῶν</em></strong></span> <span class='ocrx_word' id='word_1_200' title='bbox 1884 2636 2114 2692; x_wconf 75' lang='grc' dir='ltr'><strong><em>εἰκόνων</em></strong></span> <span class='ocrx_word' id='word_1_201' title='bbox 2141 2635 2210 2702; x_wconf 82' lang='grc' dir='ltr'><strong><em>Ε)</em></strong></span> <span class='ocrx_word' id='word_1_202' title='bbox 2249 2636 2567 2707; x_wconf 73' lang='grc' dir='ltr'><strong><em>καθαίρεσιν</em></strong></span> <span class='ocrx_word' id='word_1_203' title='bbox 2600 2636 2718 2706; x_wconf 78' lang='grc' dir='ltr'><strong><em>ᾔτη-</em></strong></span> 
     </span>
     <span class='ocr_line' id='line_1_23' title="bbox 448 2705 1419 2780; baseline 0.002 -18"><span class='ocrx_word' id='word_1_204' title='bbox 448 2727 549 2763; x_wconf 89' lang='grc' dir='ltr'><strong><em>σαν</em></strong></span> <span class='ocrx_word' id='word_1_205' title='bbox 587 2705 701 2777; x_wconf 81' lang='lat' dir='ltr'><strong><em>GE,</em></strong></span> <span class='ocrx_word' id='word_1_206' title='bbox 741 2707 871 2763; x_wconf 74' lang='grc' dir='ltr'><strong><em>ὅθεν</em></strong></span> <span class='ocrx_word' id='word_1_207' title='bbox 908 2707 942 2779; x_wconf 82' lang='grc' dir='ltr'><em>ἦ</em></span> <span class='ocrx_word' id='word_1_208' title='bbox 981 2709 1334 2780; x_wconf 84' lang='grc' dir='ltr'><strong><em>εἰκονομαχία</em></strong></span> <span class='ocrx_word' id='word_1_209' title='bbox 1371 2707 1419 2764; x_wconf 93' lang='grc' dir='ltr'><strong>Β</strong></span> 
     </span>
    </p>
   </div>
   <div class='ocr_carea' id='block_1_4' title="bbox 555 2833 2717 3219">
    <p class='ocr_par' dir='ltr' id='par_1_9' title="bbox 555 2833 2717 3219">
     <span class='ocr_line' id='line_1_24' title="bbox 558 2833 2716 2909; baseline 0.001 -19"><span class='ocrx_word' id='word_1_210' title='bbox 558 2834 588 2891; x_wconf 93' lang='grc'>1</span> <span class='ocrx_word' id='word_1_211' title='bbox 627 2834 835 2906; x_wconf 75' lang='grc' dir='ltr'><strong><em>ἕβραῖοι</em></strong></span> <span class='ocrx_word' id='word_1_212' title='bbox 875 2833 1118 2908; x_wconf 84' lang='lat' dir='ltr'><strong>prDi</strong></span> <span class='ocrx_word' id='word_1_213' title='bbox 1286 2836 1339 2894; x_wconf 81' lang='lat'><strong><em>2.</em></strong></span> <span class='ocrx_word' id='word_1_214' title='bbox 1376 2835 1413 2892; x_wconf 83' lang='lat'><strong>3</strong></span> <span class='ocrx_word' id='word_1_215' title='bbox 1450 2835 1542 2892; x_wconf 76' lang='grc' dir='ltr'><strong><em>καί</em></strong></span> <span class='ocrx_word' id='word_1_216' title='bbox 1578 2842 1656 2907; x_wconf 80' lang='grc' dir='ltr'><strong><em>τῷ</em></strong></span> <span class='ocrx_word' id='word_1_217' title='bbox 1695 2864 1763 2877; x_wconf 93' lang='grc'>-</span> <span class='ocrx_word' id='word_1_218' title='bbox 1801 2835 2179 2909; x_wconf 75' lang='grc' dir='ltr'><strong><em>ἐπηγγέλλοντο</em></strong></span> <span class='ocrx_word' id='word_1_219' title='bbox 2220 2852 2335 2892; x_wconf 87' lang='lat' dir='ltr'><strong><em>om.</em></strong></span> <span class='ocrx_word' id='word_1_220' title='bbox 2375 2833 2422 2893; x_wconf 84' lang='lat' dir='ltr'>C</span> <span class='ocrx_word' id='word_1_221' title='bbox 2590 2835 2626 2892; x_wconf 82' lang='lat'>5</span> <span class='ocrx_word' id='word_1_222' title='bbox 2660 2833 2716 2892; x_wconf 79' lang='grc' dir='ltr'><strong><em>τὰ</em></strong></span> 
     </span>
     <span class='ocr_line' id='line_1_25' title="bbox 558 2905 2715 2981; baseline -0 -17"><span class='ocrx_word' id='word_1_223' title='bbox 558 2924 674 2964; x_wconf 85' lang='lat' dir='ltr'><strong><em>om.</em></strong></span> <span class='ocrx_word' id='word_1_224' title='bbox 713 2908 864 2980; x_wconf 88' lang='lat' dir='ltr'><strong>pr</strong></span> <span class='ocrx_word' id='word_1_225' title='bbox 1012 2910 1045 2963; x_wconf 81' lang='grc' dir='ltr'><em>ὅ</em></span> <span class='ocrx_word' id='word_1_226' title='bbox 1082 2924 1197 2966; x_wconf 87' lang='lat' dir='ltr'><strong><em>om.</em></strong></span> <span class='ocrx_word' id='word_1_227' title='bbox 1238 2908 1311 2980; x_wconf 88' lang='lat' dir='ltr'><strong><em>D,</em></strong></span> <span class='ocrx_word' id='word_1_228' title='bbox 1351 2909 1494 2966; x_wconf 75' lang='lat' dir='ltr'><strong>add.</strong></span> <span class='ocrx_word' id='word_1_229' title='bbox 1518 2909 1626 2976; x_wconf 71' lang='lat' dir='ltr'><strong><em>Dw</em></strong></span> <span class='ocrx_word' id='word_1_230' title='bbox 1770 2909 2035 2981; x_wconf 81' lang='grc' dir='ltr'><strong><em>ἠμέλησεν</em></strong></span> <span class='ocrx_word' id='word_1_231' title='bbox 2072 2905 2204 2979; x_wconf 88' lang='lat' dir='ltr'><strong><em>AD,</em></strong></span> <span class='ocrx_word' id='word_1_232' title='bbox 2242 2908 2715 2981; x_wconf 54' lang='grc' dir='ltr'><strong><em>ἐμέλλησενροιίκ</em></strong></span> 
     </span>
     <span class='ocr_line' id='line_1_26' title="bbox 556 2979 2714 3055; baseline 0.001 -20"><span class='ocrx_word' id='word_1_233' title='bbox 556 2995 634 3036; x_wconf 83' lang='lat' dir='ltr'><strong>ex</strong></span> <span class='ocrx_word' id='word_1_234' title='bbox 673 2980 972 3053; x_wconf 77' lang='grc' dir='ltr'><strong><em>ἠ,ιιέλλησεν</em></strong></span> <span class='ocrx_word' id='word_1_235' title='bbox 1011 2980 1074 3052; x_wconf 86' lang='lat'><strong><em>0,</em></strong></span> <span class='ocrx_word' id='word_1_236' title='bbox 1112 2982 1369 3055; x_wconf 75' lang='grc' dir='ltr'><strong><em>ἐμέλησεν</em></strong></span> <span class='ocrx_word' id='word_1_237' title='bbox 1408 2983 1474 3050; x_wconf 82' lang='lat' dir='ltr'><strong><em>E,</em></strong></span> <span class='ocrx_word' id='word_1_238' title='bbox 1513 2983 1799 3054; x_wconf 77' lang='grc' dir='ltr'><strong><em>ἐμέλλησεν</em></strong></span> <span class='ocrx_word' id='word_1_239' title='bbox 1832 2979 2195 3054; x_wconf 76' lang='lat' dir='ltr'><strong>BwapDi,</strong></span> <span class='ocrx_word' id='word_1_240' title='bbox 2227 2981 2530 3054; x_wconf 80' lang='grc' dir='ltr'><strong><em>’ἡμέλλησεν</em></strong></span> <span class='ocrx_word' id='word_1_241' title='bbox 2568 2997 2714 3037; x_wconf 81' lang='lat' dir='ltr'><strong>corr.</strong></span> 
     </span>
     <span class='ocr_line' id='line_1_27' title="bbox 555 3053 2715 3127; baseline 0 -19"><span class='ocrx_word' id='word_1_242' title='bbox 555 3053 733 3111; x_wconf 88' lang='lat' dir='ltr'><strong><em>B·W</em></strong></span> <span class='ocrx_word' id='word_1_243' title='bbox 868 3054 904 3110; x_wconf 86' lang='grc'><strong>6</strong></span> <span class='ocrx_word' id='word_1_244' title='bbox 941 3054 1148 3111; x_wconf 86' lang='grc' dir='ltr'><strong><em>τελούσι</em></strong></span> <span class='ocrx_word' id='word_1_245' title='bbox 1171 3055 1244 3124; x_wconf 92' lang='lat' dir='ltr'><strong><em>D,</em></strong></span> <span class='ocrx_word' id='word_1_246' title='bbox 1286 3059 1442 3112; x_wconf 64' lang='lat' dir='ltr'><strong>corr.</strong></span> <span class='ocrx_word' id='word_1_247' title='bbox 1466 3054 1571 3117; x_wconf 84' lang='lat' dir='ltr'><strong><em>Dw</em></strong></span> <span class='ocrx_word' id='word_1_248' title='bbox 1717 3055 1753 3111; x_wconf 90' lang='lat'>8</span> <span class='ocrx_word' id='word_1_249' title='bbox 1787 3055 2054 3127; x_wconf 75' lang='grc' dir='ltr'><strong><em>μετῆλθεν</em></strong></span> <span class='ocrx_word' id='word_1_250' title='bbox 2092 3053 2198 3114; x_wconf 89' lang='lat' dir='ltr'><strong><em>Dw</em></strong></span> <span class='ocrx_word' id='word_1_251' title='bbox 2238 3070 2393 3112; x_wconf 81' lang='lat' dir='ltr'><strong>corr.</strong></span> <span class='ocrx_word' id='word_1_252' title='bbox 2434 3069 2513 3111; x_wconf 78' lang='lat' dir='ltr'><strong><em>ex</em></strong></span> <span class='ocrx_word' id='word_1_253' title='bbox 2553 3069 2715 3121; x_wconf 82' lang='lat' dir='ltr'><strong>voce,</strong></span> 
     </span>
     <span class='ocr_line' id='line_1_28' title="bbox 556 3126 2717 3219; baseline -0.001 -37"><span class='ocrx_word' id='word_1_254' title='bbox 556 3127 734 3182; x_wconf 89' lang='lat' dir='ltr'><strong>cuius</strong></span> <span class='ocrx_word' id='word_1_255' title='bbox 772 3127 1012 3184; x_wconf 76' lang='lat' dir='ltr'>litterae</span> <span class='ocrx_word' id='word_1_256' title='bbox 1052 3133 1299 3219; x_wconf 73' lang='lat' dir='ltr'><strong>praeter</strong></span> <span class='ocrx_word' id='word_1_257' title='bbox 1329 3149 1371 3199; x_wconf 86' lang='grc' dir='ltr'><strong><em>μ</em></strong></span> <span class='ocrx_word' id='word_1_258' title='bbox 1395 3129 1498 3184; x_wconf 75' lang='grc' dir='ltr'><strong><em>λθε</em></strong></span> <span class='ocrx_word' id='word_1_259' title='bbox 1523 3143 1650 3185; x_wconf 90' lang='lat' dir='ltr'><strong><em>non</em></strong></span> <span class='ocrx_word' id='word_1_260' title='bbox 1677 3129 1798 3184; x_wconf 90' lang='lat' dir='ltr'><strong><em>iam</em></strong></span> <span class='ocrx_word' id='word_1_261' title='bbox 1826 3132 2086 3199; x_wconf 82' lang='lat' dir='ltr'><strong>possunt</strong></span> <span class='ocrx_word' id='word_1_262' title='bbox 2113 3126 2331 3200; x_wconf 77' lang='lat' dir='ltr'><strong>dispici</strong></span> <span class='ocrx_word' id='word_1_263' title='bbox 2482 3127 2552 3183; x_wconf 80' lang='lat'><strong><em>10</em></strong></span> <span class='ocrx_word' id='word_1_264' title='bbox 2588 3131 2717 3198; x_wconf 88' lang='lat' dir='ltr'><strong>post</strong></span> 
     </span>
    </p>
   </div>
   <div class='ocr_carea' id='block_1_5' title="bbox 556 3197 2716 3420">
    <p class='ocr_par' dir='ltr' id='par_1_10' title="bbox 556 3197 2716 3420">
     <span class='ocr_line' id='line_1_29' title="bbox 557 3197 2716 3262; baseline 0 -8"><span class='ocrx_word' id='word_1_265' title='bbox 557 3197 678 3260; x_wconf 82' lang='grc' dir='ltr'><strong><em>τοὺς</em></strong></span> <span class='ocrx_word' id='word_1_266' title='bbox 716 3199 857 3255; x_wconf 83' lang='lat' dir='ltr'><strong>add.</strong></span> <span class='ocrx_word' id='word_1_267' title='bbox 896 3200 1116 3261; x_wconf 87' lang='grc' dir='ltr'><strong><em>λοιπους</em></strong></span> <span class='ocrx_word' id='word_1_268' title='bbox 1234 3202 1445 3257; x_wconf 81' lang='lat' dir='ltr'><strong>invitis</strong></span> <span class='ocrx_word' id='word_1_269' title='bbox 1487 3200 1652 3257; x_wconf 82' lang='lat' dir='ltr'><strong><em>ARW</em></strong></span> <span class='ocrx_word' id='word_1_270' title='bbox 1817 3202 2058 3262; x_wconf 87' lang='grc' dir='ltr'><strong><em>ἐκείνους</em></strong></span> <span class='ocrx_word' id='word_1_271' title='bbox 2101 3215 2217 3256; x_wconf 89' lang='lat' dir='ltr'><strong><em>om.</em></strong></span> <span class='ocrx_word' id='word_1_272' title='bbox 2257 3200 2304 3255; x_wconf 94' lang='lat' dir='ltr'>B</span> <span class='ocrx_word' id='word_1_273' title='bbox 2473 3199 2539 3256; x_wconf 98' lang='grc'><strong><em>11</em></strong></span> <span class='ocrx_word' id='word_1_274' title='bbox 2580 3204 2716 3254; x_wconf 81' lang='lat' dir='ltr'><strong>anto</strong></span> 
     </span>
     <span class='ocr_line' id='line_1_30' title="bbox 556 3269 2716 3346; baseline 0 -19"><span class='ocrx_word' id='word_1_275' title='bbox 556 3273 803 3327; x_wconf 86' lang='grc' dir='ltr'><strong><em>τίσασθαι</em></strong></span> <span class='ocrx_word' id='word_1_276' title='bbox 843 3271 985 3329; x_wconf 80' lang='lat' dir='ltr'><strong>add.</strong></span> <span class='ocrx_word' id='word_1_277' title='bbox 1023 3273 1216 3335; x_wconf 86' lang='grc' dir='ltr'><strong><em>αὐτους</em></strong></span> <span class='ocrx_word' id='word_1_278' title='bbox 1257 3273 1406 3346; x_wconf 88' lang='lat' dir='ltr'><strong>pr</strong></span> <span class='ocrx_word' id='word_1_279' title='bbox 1614 3274 1649 3329; x_wconf 80' lang='grc' dir='ltr'><strong><em>ἔ</em></strong></span> <span class='ocrx_word' id='word_1_280' title='bbox 1690 3274 1865 3330; x_wconf 87' lang='grc' dir='ltr'><strong><em>θασαν</em></strong></span> <span class='ocrx_word' id='word_1_281' title='bbox 1904 3272 1959 3328; x_wconf 91' lang='lat' dir='ltr'>D</span> <span class='ocrx_word' id='word_1_282' title='bbox 2182 3272 2250 3328; x_wconf 77' lang='grc'><strong><em>12</em></strong></span> <span class='ocrx_word' id='word_1_283' title='bbox 2286 3272 2483 3329; x_wconf 83' lang='grc' dir='ltr'><strong><em>ἐκεῖνοι</em></strong></span> <span class='ocrx_word' id='word_1_284' title='bbox 2525 3288 2638 3329; x_wconf 85' lang='lat' dir='ltr'><strong><em>om.</em></strong></span> <span class='ocrx_word' id='word_1_285' title='bbox 2674 3269 2716 3328; x_wconf 85' lang='lat' dir='ltr'>C</span> 
     </span>
     <span class='ocr_line' id='line_1_31' title="bbox 627 3342 2698 3420; baseline -0 -20"><span class='ocrx_word' id='word_1_286' title='bbox 627 3345 841 3402; x_wconf 76' lang='grc' dir='ltr'><strong><em>ἐκεῖθεν</em></strong></span> <span class='ocrx_word' id='word_1_287' title='bbox 879 3344 949 3416; x_wconf 85' lang='lat' dir='ltr'><strong><em>A,</em></strong></span> <span class='ocrx_word' id='word_1_288' title='bbox 987 3345 1237 3404; x_wconf 78' lang='grc' dir='ltr'><strong><em>ἐντεῦθεν</em></strong></span> <span class='ocrx_word' id='word_1_289' title='bbox 1276 3346 1442 3420; x_wconf 83' lang='lat' dir='ltr'><strong>Ewp,</strong></span> <span class='ocrx_word' id='word_1_290' title='bbox 1483 3362 1599 3404; x_wconf 87' lang='lat' dir='ltr'><strong><em>om.</em></strong></span> <span class='ocrx_word' id='word_1_291' title='bbox 1636 3394 1640 3398; x_wconf 95' lang='lat'>.</span> <span class='ocrx_word' id='word_1_292' title='bbox 1836 3346 2080 3419; x_wconf 83' lang='grc' dir='ltr'><strong><em>ἰσαυρίαν</em></strong></span> <span class='ocrx_word' id='word_1_293' title='bbox 2111 3343 2366 3420; x_wconf 82' lang='lat' dir='ltr'><strong><em>prDi,</em></strong></span> <span class='ocrx_word' id='word_1_294' title='bbox 2405 3346 2626 3418; x_wconf 87' lang='grc' dir='ltr'><strong><em>σαυρίαν</em></strong></span> <span class='ocrx_word' id='word_1_295' title='bbox 2649 3342 2698 3399; x_wconf 89' lang='grc' dir='ltr'><strong>Α</strong></span> 
     </span>
    </p>
   </div>
   <div class='ocr_carea' id='block_1_6' title="bbox 557 3384 2715 3494">
    <p class='ocr_par' dir='ltr' id='par_1_11' title="bbox 557 3384 2715 3494">
     <span class='ocr_line' id='line_1_32' title="bbox 557 3384 2715 3494; baseline 0.002 -19"><span class='ocrx_word' id='word_1_296' title='bbox 557 3417 806 3491; x_wconf 81' lang='grc' dir='ltr'><strong><em>ίσαβρίαν</em></strong></span> <span class='ocrx_word' id='word_1_297' title='bbox 843 3418 893 3476; x_wconf 87' lang='grc' dir='ltr'>Ε</span> <span class='ocrx_word' id='word_1_298' title='bbox 1067 3418 1135 3477; x_wconf 82' lang='lat'><strong><em>15</em></strong></span> <span class='ocrx_word' id='word_1_299' title='bbox 1171 3419 1540 3494; x_wconf 82' lang='grc' dir='ltr'><strong><em>ἀφεστηκυίαν</em></strong></span> <span class='ocrx_word' id='word_1_300' title='bbox 1578 3419 1711 3492; x_wconf 78' lang='lat' dir='ltr'><strong>(sic)</strong></span> <span class='ocrx_word' id='word_1_301' title='bbox 1751 3415 1804 3478; x_wconf 81' lang='lat' dir='ltr'>A</span> <span class='ocrx_word' id='word_1_302' title='bbox 1973 3419 2043 3477; x_wconf 85' lang='lat'><strong><em>19</em></strong></span> <span class='ocrx_word' id='word_1_303' title='bbox 2079 3419 2247 3494; x_wconf 83' lang='grc' dir='ltr'><strong><em>τύχην</em></strong></span> <span class='ocrx_word' id='word_1_304' title='bbox 2283 3417 2355 3492; x_wconf 80' lang='lat' dir='ltr'><strong><em>D,</em></strong></span> <span class='ocrx_word' id='word_1_305' title='bbox 2393 3419 2528 3494; x_wconf 82' lang='grc' dir='ltr'><strong><em>τύχη</em></strong></span> <span class='ocrx_word' id='word_1_306' title='bbox 2569 3384 2715 3480; x_wconf 54' lang='grc' dir='ltr'><strong><em>Βινέ</em></strong></span> 
     </span>
    </p>
   </div>
   <div class='ocr_carea' id='block_1_7' title="bbox 291 3554 2791 4511">
    <p class='ocr_par' dir='ltr' id='par_1_12' title="bbox 291 3554 2791 4511">
     <span class='ocr_line' id='line_1_33' title="bbox 448 3554 2722 3631; baseline -0.001 -17"><span class='ocrx_word' id='word_1_307' title='bbox 448 3561 583 3615; x_wconf 88' lang='lat' dir='ltr'><strong>arte</strong></span> <span class='ocrx_word' id='word_1_308' title='bbox 623 3557 1147 3631; x_wconf 77' lang='lat' dir='ltr'><strong>praestigiatores,</strong></span> <span class='ocrx_word' id='word_1_309' title='bbox 1204 3558 1316 3631; x_wconf 67' lang='lat' dir='ltr'><strong>‘qui</strong></span> <span class='ocrx_word' id='word_1_310' title='bbox 1357 3557 1806 3631; x_wconf 81' lang='lat' dir='ltr'><strong>profitebantur</strong></span> <span class='ocrx_word' id='word_1_311' title='bbox 1844 3571 1910 3614; x_wconf 91' lang='lat' dir='ltr'><strong><em>se</em></strong></span> <span class='ocrx_word' id='word_1_312' title='bbox 1950 3555 2329 3629; x_wconf 71' lang='lat' dir='ltr'><strong>astrologiae</strong></span> <span class='ocrx_word' id='word_1_313' title='bbox 2367 3556 2598 3629; x_wconf 87' lang='lat' dir='ltr'><strong>peritos</strong></span> <span class='ocrx_word' id='word_1_314' title='bbox 2635 3554 2722 3611; x_wconf 79' lang='lat' dir='ltr'><strong>su·</strong></span> 
     </span>
     <span class='ocr_line' id='line_1_34' title="bbox 449 3629 2717 3719; baseline -0.003 -31"><span class='ocrx_word' id='word_1_315' title='bbox 449 3637 591 3688; x_wconf 89' lang='lat' dir='ltr'><strong>tura</strong></span> <span class='ocrx_word' id='word_1_316' title='bbox 629 3631 991 3703; x_wconf 81' lang='lat' dir='ltr'><strong>praedicere</strong></span> <span class='ocrx_word' id='word_1_317' title='bbox 1030 3647 1228 3719; x_wconf 78' lang='lat' dir='ltr'><strong>posse,</strong></span> <span class='ocrx_word' id='word_1_318' title='bbox 1267 3631 1592 3704; x_wconf 86' lang='lat' dir='ltr'><strong>imperium</strong></span> <span class='ocrx_word' id='word_1_319' title='bbox 1632 3636 1692 3688; x_wconf 91' lang='lat' dir='ltr'><strong><em>et</em></strong></span> <span class='ocrx_word' id='word_1_320' title='bbox 1731 3632 1922 3688; x_wconf 88' lang='lat' dir='ltr'><strong>vitam</strong></span> <span class='ocrx_word' id='word_1_321' title='bbox 1964 3629 2320 3686; x_wconf 80' lang='lat' dir='ltr'><strong>diuturnam</strong></span> <span class='ocrx_word' id='word_1_322' title='bbox 2359 3630 2717 3703; x_wconf 83' lang='lat' dir='ltr'><strong>polliceban-</strong></span> 
     </span>
     <span class='ocr_line' id='line_1_35' title="bbox 351 3701 2717 3777; baseline -0.003 -15"><span class='ocrx_word' id='word_1_323' title='bbox 351 3763 355 3769; x_wconf 21' lang='grc' dir='ltr'><strong>Δ</strong></span> <span class='ocrx_word' id='word_1_324' title='bbox 447 3708 566 3774; x_wconf 89' lang='lat' dir='ltr'><strong>tur,</strong></span> <span class='ocrx_word' id='word_1_325' title='bbox 625 3705 676 3760; x_wconf 88' lang='lat' dir='ltr'><strong><em>si</em></strong></span> <span class='ocrx_word' id='word_1_326' title='bbox 717 3703 938 3762; x_wconf 79' lang='lat' dir='ltr'><strong>Christi</strong></span> <span class='ocrx_word' id='word_1_327' title='bbox 994 3720 1251 3777; x_wconf 79' lang='lat' dir='ltr'><strong>eiusque</strong></span> <span class='ocrx_word' id='word_1_328' title='bbox 1290 3706 1503 3760; x_wconf 88' lang='lat' dir='ltr'><strong>matris</strong></span> <span class='ocrx_word' id='word_1_329' title='bbox 1543 3704 1847 3777; x_wconf 82' lang='lat' dir='ltr'><strong>imagines</strong></span> <span class='ocrx_word' id='word_1_330' title='bbox 1906 3719 1985 3760; x_wconf 84' lang='lat' dir='ltr'><strong><em>ex</em></strong></span> <span class='ocrx_word' id='word_1_331' title='bbox 2044 3702 2317 3761; x_wconf 89' lang='lat' dir='ltr'><strong>ecclesiis</strong></span> <span class='ocrx_word' id='word_1_332' title='bbox 2366 3701 2717 3761; x_wconf 85' lang='lat' dir='ltr'><strong>Christianis</strong></span> 
     </span>
     <span class='ocr_line' id='line_1_36' title="bbox 391 3774 2717 3850; baseline -0.003 -15"><span class='ocrx_word' id='word_1_333' title='bbox 391 3775 691 3835; x_wconf 76' lang='lat' dir='ltr'><strong>2eiceret.</strong></span> <span class='ocrx_word' id='word_1_334' title='bbox 767 3777 983 3850; x_wconf 85' lang='lat' dir='ltr'><strong>Neque</strong></span> <span class='ocrx_word' id='word_1_335' title='bbox 1045 3783 1375 3835; x_wconf 81' lang='lat' dir='ltr'><strong>cunctatur</strong></span> <span class='ocrx_word' id='word_1_336' title='bbox 1428 3778 1734 3834; x_wconf 86' lang='lat' dir='ltr'><strong>barbarus</strong></span> <span class='ocrx_word' id='word_1_337' title='bbox 1785 3782 1846 3834; x_wconf 85' lang='lat' dir='ltr'><strong><em>et</em></strong></span> <span class='ocrx_word' id='word_1_338' title='bbox 1891 3777 2194 3849; x_wconf 84' lang='lat' dir='ltr'><strong>imagines</strong></span> <span class='ocrx_word' id='word_1_339' title='bbox 2234 3775 2624 3834; x_wconf 87' lang='lat' dir='ltr'><strong>venerandas</strong></span> <span class='ocrx_word' id='word_1_340' title='bbox 2661 3774 2717 3828; x_wconf 92' lang='lat' dir='ltr'><strong><em>in</em></strong></span> 
     </span>
     <span class='ocr_line' id='line_1_37' title="bbox 291 3847 2717 3924; baseline -0.002 -16"><span class='ocrx_word' id='word_1_341' title='bbox 291 3847 295 3853; x_wconf 72' lang='grc'><em>’</em></span> <span class='ocrx_word' id='word_1_342' title='bbox 390 3849 733 3908; x_wconf 82' lang='lat' dir='ltr'><strong>Bomnibus</strong></span> <span class='ocrx_word' id='word_1_343' title='bbox 791 3850 1031 3924; x_wconf 88' lang='lat' dir='ltr'><strong>templis</strong></span> <span class='ocrx_word' id='word_1_344' title='bbox 1070 3866 1222 3908; x_wconf 89' lang='lat' dir='ltr'><strong>suae</strong></span> <span class='ocrx_word' id='word_1_345' title='bbox 1279 3851 1528 3907; x_wconf 87' lang='lat' dir='ltr'><strong>ditionis</strong></span> <span class='ocrx_word' id='word_1_346' title='bbox 1566 3849 1789 3907; x_wconf 86' lang='lat' dir='ltr'><strong>abolet.</strong></span> <span class='ocrx_word' id='word_1_347' title='bbox 1867 3848 1994 3922; x_wconf 88' lang='lat' dir='ltr'><strong><em>Nec</em></strong></span> <span class='ocrx_word' id='word_1_348' title='bbox 2031 3850 2221 3906; x_wconf 87' lang='lat' dir='ltr'><strong>muito</strong></span> <span class='ocrx_word' id='word_1_349' title='bbox 2262 3851 2401 3923; x_wconf 85' lang='lat' dir='ltr'><strong>post</strong></span> <span class='ocrx_word' id='word_1_350' title='bbox 2440 3850 2717 3906; x_wconf 87' lang='lat' dir='ltr'><strong>miserum</strong></span> 
     </span>
     <span class='ocr_line' id='line_1_38' title="bbox 389 3920 2791 3996; baseline -0.002 -15"><span class='ocrx_word' id='word_1_351' title='bbox 389 3923 661 3981; x_wconf 83' lang='lat' dir='ltr'><strong>4divina</strong></span> <span class='ocrx_word' id='word_1_352' title='bbox 681 3923 956 3982; x_wconf 87' lang='lat' dir='ltr'><strong>vindicta</strong></span> <span class='ocrx_word' id='word_1_353' title='bbox 978 3925 1394 3996; x_wconf 88' lang='lat' dir='ltr'><strong>consequitur,</strong></span> <span class='ocrx_word' id='word_1_354' title='bbox 1434 3940 1598 3981; x_wconf 88' lang='lat' dir='ltr'><strong>anno</strong></span> <span class='ocrx_word' id='word_1_355' title='bbox 1639 3923 1914 3980; x_wconf 85' lang='lat' dir='ltr'><strong>nondum</strong></span> <span class='ocrx_word' id='word_1_356' title='bbox 1930 3924 2145 3995; x_wconf 78' lang='lat' dir='ltr'><strong>elapso</strong></span> <span class='ocrx_word' id='word_1_357' title='bbox 2171 3927 2498 3990; x_wconf 86' lang='lat' dir='ltr'><strong>mortuum.</strong></span> <span class='ocrx_word' id='word_1_358' title='bbox 2537 3920 2718 3980; x_wconf 85' lang='lat' dir='ltr'><strong>Cuius</strong></span> <span class='ocrx_word' id='word_1_359' title='bbox 2787 3945 2791 3951; x_wconf 96' lang='lat'>·</span> 
     </span>
     <span class='ocr_line' id='line_1_39' title="bbox 447 3996 2717 4069; baseline -0.003 -15"><span class='ocrx_word' id='word_1_360' title='bbox 447 3996 607 4054; x_wconf 81' lang='lat' dir='ltr'><strong>filius</strong></span> <span class='ocrx_word' id='word_1_361' title='bbox 648 3999 825 4069; x_wconf 81' lang='lat' dir='ltr'><strong>regni</strong></span> <span class='ocrx_word' id='word_1_362' title='bbox 865 4013 1202 4067; x_wconf 85' lang='lat' dir='ltr'><strong>successor,</strong></span> <span class='ocrx_word' id='word_1_363' title='bbox 1243 4013 1381 4055; x_wconf 90' lang='lat' dir='ltr'><strong>cum</strong></span> <span class='ocrx_word' id='word_1_364' title='bbox 1405 3998 1593 4054; x_wconf 79' lang='lat' dir='ltr'><strong>falsos</strong></span> <span class='ocrx_word' id='word_1_365' title='bbox 1632 3997 1765 4053; x_wconf 86' lang='lat' dir='ltr'><strong>iilos</strong></span> <span class='ocrx_word' id='word_1_366' title='bbox 1806 4002 1980 4053; x_wconf 86' lang='lat' dir='ltr'><strong>vates</strong></span> <span class='ocrx_word' id='word_1_367' title='bbox 2020 3997 2098 4052; x_wconf 89' lang='lat' dir='ltr'><strong><em>ob</em></strong></span> <span class='ocrx_word' id='word_1_368' title='bbox 2123 3996 2449 4069; x_wconf 87' lang='lat' dir='ltr'><strong>deceptum</strong></span> <span class='ocrx_word' id='word_1_369' title='bbox 2491 4000 2717 4068; x_wconf 85' lang='lat' dir='ltr'><strong>patrem</strong></span> 
     </span>
     <span class='ocr_line' id='line_1_40' title="bbox 447 4068 2717 4145; baseline -0.003 -18"><span class='ocrx_word' id='word_1_370' title='bbox 447 4069 528 4127; x_wconf 86' lang='lat' dir='ltr'><strong><em>ad</em></strong></span> <span class='ocrx_word' id='word_1_371' title='bbox 554 4071 920 4145; x_wconf 85' lang='lat' dir='ltr'><strong>supplicium</strong></span> <span class='ocrx_word' id='word_1_372' title='bbox 944 4073 1337 4145; x_wconf 82' lang='lat' dir='ltr'><strong>quaeritaret,</strong></span> <span class='ocrx_word' id='word_1_373' title='bbox 1380 4071 1462 4127; x_wconf 86' lang='lat' dir='ltr'><strong>illi</strong></span> <span class='ocrx_word' id='word_1_374' title='bbox 1484 4071 1604 4127; x_wconf 88' lang='lat' dir='ltr'><strong><em>iam</em></strong></span> <span class='ocrx_word' id='word_1_375' title='bbox 1626 4069 1791 4127; x_wconf 90' lang='lat' dir='ltr'><strong>illinc</strong></span> <span class='ocrx_word' id='word_1_376' title='bbox 1831 4069 1893 4125; x_wconf 89' lang='lat' dir='ltr'><strong><em>in</em></strong></span> <span class='ocrx_word' id='word_1_377' title='bbox 1915 4068 2215 4125; x_wconf 82' lang='lat' dir='ltr'><strong>Isauriam</strong></span> <span class='ocrx_word' id='word_1_378' title='bbox 2244 4070 2717 4140; x_wconf 76' lang='lat' dir='ltr'><strong>transfugerant.</strong></span> 
     </span>
     <span class='ocr_line' id='line_1_41' title="bbox 391 4141 2719 4214; baseline -0.004 -12"><span class='ocrx_word' id='word_1_379' title='bbox 391 4143 539 4202; x_wconf 74' lang='lat' dir='ltr'><strong>bibi</strong></span> <span class='ocrx_word' id='word_1_380' title='bbox 579 4160 717 4201; x_wconf 79' lang='lat' dir='ltr'><strong>cuin</strong></span> <span class='ocrx_word' id='word_1_381' title='bbox 758 4146 821 4201; x_wconf 90' lang='lat' dir='ltr'><strong><em>in</em></strong></span> <span class='ocrx_word' id='word_1_382' title='bbox 859 4145 1024 4207; x_wconf 84' lang='lat' dir='ltr'><strong>hunc</strong></span> <span class='ocrx_word' id='word_1_383' title='bbox 1063 4144 1331 4202; x_wconf 87' lang='lat' dir='ltr'><strong>Leonem</strong></span> <span class='ocrx_word' id='word_1_384' title='bbox 1373 4150 1502 4200; x_wconf 81' lang='lat' dir='ltr'><strong>tum</strong></span> <span class='ocrx_word' id='word_1_385' title='bbox 1543 4143 1995 4201; x_wconf 84' lang='lat' dir='ltr'><strong>adolescentem</strong></span> <span class='ocrx_word' id='word_1_386' title='bbox 2036 4142 2316 4214; x_wconf 77' lang='lat' dir='ltr'><strong>opificem</strong></span> <span class='ocrx_word' id='word_1_387' title='bbox 2355 4141 2719 4206; x_wconf 83' lang='lat' dir='ltr'><strong>incidissent,</strong></span> 
     </span>
     <span class='ocr_line' id='line_1_42' title="bbox 391 4212 2719 4290; baseline -0.004 -16"><span class='ocrx_word' id='word_1_388' title='bbox 391 4217 707 4288; x_wconf 70' lang='lat' dir='ltr'><strong>(ii-egnum</strong></span> <span class='ocrx_word' id='word_1_389' title='bbox 750 4218 804 4272; x_wconf 84' lang='lat' dir='ltr'><strong><em>ei</em></strong></span> <span class='ocrx_word' id='word_1_390' title='bbox 845 4217 1187 4275; x_wconf 77' lang='lat' dir='ltr'><strong>Romanuin</strong></span> <span class='ocrx_word' id='word_1_391' title='bbox 1243 4217 1627 4290; x_wconf 84' lang='lat' dir='ltr'><strong>praedicunt.</strong></span> <span class='ocrx_word' id='word_1_392' title='bbox 1704 4216 1823 4283; x_wconf 82' lang='lat' dir='ltr'><strong><em>Qui</em></strong></span> <span class='ocrx_word' id='word_1_393' title='bbox 1882 4231 2020 4277; x_wconf 82' lang='lat' dir='ltr'><strong>cnm</strong></span> <span class='ocrx_word' id='word_1_394' title='bbox 2059 4231 2234 4273; x_wconf 87' lang='lat' dir='ltr'><strong>suam</strong></span> <span class='ocrx_word' id='word_1_395' title='bbox 2276 4217 2586 4271; x_wconf 79' lang='lat' dir='ltr'><strong>fortunam</strong></span> <span class='ocrx_word' id='word_1_396' title='bbox 2641 4212 2719 4266; x_wconf 91' lang='lat' dir='ltr'><strong><em>in·</em></strong></span> 
     </span>
     <span class='ocr_line' id='line_1_43' title="bbox 446 4286 2720 4359; baseline -0.004 -14"><span class='ocrx_word' id='word_1_397' title='bbox 446 4293 628 4345; x_wconf 84' lang='lat' dir='ltr'><strong>tuens</strong></span> <span class='ocrx_word' id='word_1_398' title='bbox 680 4291 1019 4346; x_wconf 85' lang='lat' dir='ltr'><strong>seiunctam</strong></span> <span class='ocrx_word' id='word_1_399' title='bbox 1059 4291 1295 4347; x_wconf 86' lang='lat' dir='ltr'><strong>iniinito</strong></span> <span class='ocrx_word' id='word_1_400' title='bbox 1351 4292 1482 4346; x_wconf 81' lang='lat' dir='ltr'><strong>sere</strong></span> <span class='ocrx_word' id='word_1_401' title='bbox 1522 4290 1848 4347; x_wconf 82' lang='lat' dir='ltr'><strong>intervallo</strong></span> <span class='ocrx_word' id='word_1_402' title='bbox 1887 4304 1925 4343; x_wconf 85' lang='lat' dir='ltr'><strong><em>a</em></strong></span> <span class='ocrx_word' id='word_1_403' title='bbox 1959 4289 2135 4352; x_wconf 77' lang='lat' dir='ltr'><strong>[tanto</strong></span> <span class='ocrx_word' id='word_1_404' title='bbox 2195 4289 2448 4359; x_wconf 88' lang='lat' dir='ltr'><strong>imperio</strong></span> <span class='ocrx_word' id='word_1_405' title='bbox 2490 4286 2720 4340; x_wconf 89' lang='lat' dir='ltr'><strong>illorum</strong></span> 
     </span>
     <span class='ocr_line' id='line_1_44' title="bbox 448 4358 2722 4436; baseline -0.004 -18"><span class='ocrx_word' id='word_1_406' title='bbox 448 4361 715 4418; x_wconf 84' lang='lat' dir='ltr'><strong>oraculis</strong></span> <span class='ocrx_word' id='word_1_407' title='bbox 771 4363 953 4420; x_wconf 85' lang='lat' dir='ltr'><strong>fidem</strong></span> <span class='ocrx_word' id='word_1_408' title='bbox 1010 4364 1362 4436; x_wconf 86' lang='lat' dir='ltr'><strong>abrogaret,</strong></span> <span class='ocrx_word' id='word_1_409' title='bbox 1427 4362 1512 4419; x_wconf 86' lang='lat' dir='ltr'><strong>illi</strong></span> <span class='ocrx_word' id='word_1_410' title='bbox 1551 4369 1920 4420; x_wconf 83' lang='lat' dir='ltr'><strong>eventurum</strong></span> <span class='ocrx_word' id='word_1_411' title='bbox 1966 4361 2029 4416; x_wconf 89' lang='lat' dir='ltr'><strong><em>id</em></strong></span> <span class='ocrx_word' id='word_1_412' title='bbox 2070 4358 2238 4432; x_wconf 86' lang='lat' dir='ltr'><strong>quod</strong></span> <span class='ocrx_word' id='word_1_413' title='bbox 2278 4358 2722 4432; x_wconf 83' lang='lat' dir='ltr'><strong>praedixissent</strong></span> 
     </span>
     <span class='ocr_line' id='line_1_45' title="bbox 446 4429 2722 4511; baseline -0.004 -18"><span class='ocrx_word' id='word_1_414' title='bbox 446 4433 892 4494; x_wconf 79' lang='lat' dir='ltr'><strong>asseverabant</strong></span> <span class='ocrx_word' id='word_1_415' title='bbox 932 4441 1286 4495; x_wconf 83' lang='lat' dir='ltr'><strong>const-anter</strong></span> <span class='ocrx_word' id='word_1_416' title='bbox 1343 4452 1610 4511; x_wconf 78' lang='lat' dir='ltr'><strong>euinque</strong></span> <span class='ocrx_word' id='word_1_417' title='bbox 1671 4433 2075 4494; x_wconf 84' lang='lat' dir='ltr'><strong>iureiurando</strong></span> <span class='ocrx_word' id='word_1_418' title='bbox 2117 4432 2604 4508; x_wconf 88' lang='lat' dir='ltr'><strong>obstringebant,</strong></span> <span class='ocrx_word' id='word_1_419' title='bbox 2657 4429 2722 4486; x_wconf 88' lang='lat' dir='ltr'><strong>ut</strong></span> 
     </span>
    </p>
   </div>
  </div>
 </body>
</html>
