2870 4966
421 277 529 336 116
966 275 1243 353 zelun.
1281 274 1481 341 Em‘r.
1520 278 1667 341 x111
1703 281 1793 359 ει,
1828 279 2060 356 24-25,
2099 279 2151 343 7.

409 461 565 550 μίαν
606 456 801 550 φύσιν
843 460 1039 532 αὐτὸν
1069 461 1407 555 ·’·ὕπάρχειν,
1455 464 1551 541 ὥς
1596 466 1886 535 ἐντεῦθεν
1928 474 2005 555 τῇ
2049 464 2299 553 θεότητι
2338 466 2413 534 τὰ
2457 471 2666 562 παθή.

7 571 49 633 V
64 573 277 634 111ae
320 573 396 634 25
408 588 582 654 ματα
625 566 1240 655 προσαρμόττεσθαι.
1334 570 1450 644 οὓς
1493 568 1795 639 καθεῒλόν
1837 594 1903 639 τε
1947 569 2056 639 καὶ
2108 570 2563 658 ἀνεθεμάτισαν
2611 579 2670 646 οἱ

411 671 575 738 θεῖοι
618 672 903 759 πατέρες,
949 670 1065 758 τὴν
1109 672 1356 740 ἑαυτῶν
1400 674 1792 750 κακοδοξίαν
1818 674 2329 761 παραιτήσασθαι
2358 675 2449 763 μὴ
2483 679 2665 768 θελή-

318 783 394 842 26
413 797 659 850 σαντας.
752 774 1046 852 ἐδέξαντο
1094 776 1164 843 δὲ
1208 776 1317 843 τόν
1360 800 1426 844 τε
1481 775 1905 865 Θεοδώρητον
1957 778 2066 845 καὶ
2118 779 2228 845 τὸν
2259 778 2456 866 Ἰβαν,
2519 783 2664 850 ἀνα·
2705 791 2708 795 ’

411 880 872 966 θεματίσαντας
915 879 1026 947 τὸν
1070 879 1421 966 Νεστόριον
1466 881 1575 947 καὶ
1620 883 1782 968 ἅπερ
1829 882 2007 949 αὐτοὶ
2061 883 2455 952 ἐκδεδώκασι
2509 887 2667 972 πρὸς
2682 904 2714 963 5

318 994 394 1052 27
412 985 543 1071 ἔριν
594 985 930 1072 κεφάλαια,
997 984 1336 1070 ἐκύρωσαν
1383 983 1453 1052 δὲ
1497 986 1606 1051 καὶ
1650 984 1761 1058 τὰς
1803 986 2116 1072 πρότερον
2157 995 2321 1074 τρεῖς
2365 991 2667 1066 συνόδους

317 1098 394 1156 28
410 1089 519 1154 καὶ
548 1088 621 1156 τὸ
652 1091 831 1175 ἅγιον
861 1089 1188 1176 σύμβολον
1233 1090 1681 1175 ἔπεκράτυναν,
1732 1091 2081 1176 ἀναθέματι
2112 1093 2667 1180 καθυπαγαγόντες

57 1200 117 1260 Ρ
140 1201 212 1260 11
232 1202 315 1263 47
333 1192 558 1266 Ατούς
609 1217 674 1260 τε
739 1195 898 1259 υἱῶν
963 1192 1169 1259 δυάδα
1237 1193 1599 1279 εἰσάγοντας
1662 1195 1770 1260 καὶ
1827 1194 1974 1268 τοὺς
2026 1196 2324 1284 παθητὴν
2378 1198 2662 1285 δογματί-

409 1298 634 1375 ζοντας
678 1297 791 1384 τὴν
828 1297 1097 1384 θεότητα
1146 1290 1254 1362 καὶ
1299 1297 1448 1372 τοὺς
1492 1304 1719 1385 κρᾶσιν
1763 1299 1872 1366 καὶ
1917 1299 2216 1385 σύγχυσιν
2260 1298 2360 1368 ἐπὶ
2393 1307 2522 1367 τῶν
2552 1305 2663 1371 δύο

313 1401 672 1487 Ξθφύσεων
717 1407 978 1486 φρονεῖν
1024 1405 1063 1487 ἢ
1111 1402 1220 1467 καὶ
1264 1402 1463 1486 λέγειν
1506 1404 1893 1489 τολμῶντας,
1940 1406 1981 1489 ἢ
2031 1404 2150 1470 δύο
2194 1405 2313 1491 μὲν
2358 1404 2510 1471 εἶναι
2544 1409 2661 1492 φύ-
2682 1425 2742 1481 10

408 1529 534 1579 σεις
578 1504 708 1591 πρὸ
752 1512 863 1592 τῆς
908 1507 1203 1578 ἑνώσεως
1248 1506 1349 1571 ἐπὶ
1394 1505 1723 1592 Χριστοῦ,“
1762 1508 1915 1593 μίαν
1971 1508 2041 1573 δὲ
2088 1507 2245 1593 μετὰ
2292 1506 2404 1593 τὴν
2448 1510 2663 1577 ἕνωσιν

410 1609 913 1681 ἀναπλάττοντας
956 1609 1065 1674 καὶ
1108 1608 1256 1682 τοὺς
1302 1610 1602 1694 οὐράνιον
1647 1612 1688 1697 ἤ
1735 1635 1899 1684 τινος
1933 1612 2149 1697 ἑτέρας
2180 1612 2397 1683 οὐσίας
2424 1615 2660 1697 μυθεύ-

314 1724 596 1786 30οντας
648 1712 762 1800 τὴν
817 1713 1341 1799 προσληφθεῖσαν
1398 1715 1469 1790 ἔξ
1513 1715 1703 1801 ἡμῶν
1755 1723 1850 1800 τῷ
1895 1716 2102 1801 κυρίῳ
2154 1715 2436 1802 μορφήν.
2528 1716 2660 1783 ἕδο-

409 1818 715 1903 γμάτισαν
763 1816 833 1883 δὲ
877 1815 987 1883 τὸν
1038 1817 1262 1903 κύριον
1308 1810 1500 1904 ἡμῶν
1536 1816 1785 1905 Ἰησοῦν
1811 1806 2090 1905 Χριστὸν
2133 1819 2363 1886 τέλειον
2408 1820 2475 1886 ἔν
2518 1821 2660 1887 θεό-

405 1946 535 2008 τητι
572 1920 682 1986 καὶ
721 1922 951 1988 τέλειον
981 1922 1048 1987 ἐν
1078 1921 1526 2008 ἀνθρωπότητι
1557 1923 1665 1989 καὶ
1695 1921 1854 1989 θεὸν
1884 1924 2152 2011 ἀληθῶς
2180 1924 2289 1989 καὶ
2319 1924 2661 2009 ἄνθρωπον
2679 1941 2740 2001 15

313 2035 386 2095 31
407 2025 694 2112 ἀληθῶς,
743 2025 815 2091 ἔκ
860 2031 1078 2112 ψυχῆς
1122 2026 1378 2113 λογικῆς
1423 2026 1531 2092 καὶ
1578 2027 1899 2113 σώματος,
1956 2028 2303 2114 ὁμοσύσιον
2346 2036 2440 2114 τῷ
2483 2030 2659 2116 πατρὶ

405 2128 568 2196 κατὰ
614 2130 728 2216 τὴν
771 2128 1061 2216 θεότητα,
1108 2130 1217 2195 καὶ
1262 2131 1414 2216 ἡμῖν
1460 2129 1808 2217 ὀμοούσιον
1851 2131 2011 2198 κατὰ
2058 2132 2172 2219 τὴν
2202 2128 2656 2219 ἀνθρωπότητα

312 2235 514 2304 32καὶ
560 2233 787 2319 ὅμοιον
832 2231 993 2298 κατὰ
1038 2233 1260 2310 πάντα,
1307 2235 1509 2320 χωρὶς
1537 2235 1885 2321 ἁμαρτίας,
1933 2236 2040 2302 ἕνα
2088 2235 2198 2302 τὸν
2228 2235 2420 2301 αὑτὸν
2451 2236 2515 2302 ἔν
2548 2237 2658 2304 δύο

513 2421 550 2479 4
585 2420 913 2495 θεσδῶριτσν
947 2422 1071 2495 AR,
1113 2438 1268 2481 corr.
1301 2423 1421 2495 11⁷0,
1462 2438 1520 2480 V.
1560 2423 1640 2479 ad
1677 2422 1825 2480 XIII
1863 2423 2042 2495 2234
2185 2424 2220 2480 6
2258 2423 2565 2495 κεφαλαίων
2589 2424 2656 2495 D,

515 2511 669 2553 corr.
709 2495 816 2556 Dw
1051 2498 1336 2567 ἐκύρωσαν
1373 2496 1434 2552 δὲ
1471 2497 1564 2553 καὶ
1600 2496 1692 2558 τὰς
1727 2499 1987 2568 πρότερον
2024 2497 2299 2569 (προτέρας
2336 2494 2492 2564 EDz‘)
2528 2506 2656 2567 τρεῖς

514 2569 773 2631 συνόδους
793 2568 916 2637 ΛΕ,
953 2570 1047 2625 καὶ
1071 2570 1163 2630 τὰς
1186 2569 1448 2640 προτέρας
1472 2578 1609 2640 τρεῖς
1635 2570 1893 2631 συνόδους
1916 2570 2200 2640 ἐκύρωσαν
2227 2569 2374 2642 pr
2486 2570 2517 2626 7
2553 2571 2656 2624 ἕπε·

511 2640 779 2711 κράτυναν
804 2642 1073 2714 σύμβολον
1112 2642 1218 2698 Ow
1410 2642 1481 2697 10
1516 2641 1550 2713 ἢ
1591 2648 1733 2698 ante
1771 2642 1864 2698 καὶ
1903 2658 2019 2701 om.
2039 2639 2278 2713 prDi
2422 2643 2487 2697 11
2528 2647 2656 2713 post

511 2713 596 2770 im·
633 2712 772 2769 add.
796 2721 890 2769 τοῦ
916 2713 1066 2785 pr
1181 2659 1261 2769 lg
1284 2735 1423 2775 τινος
1449 2714 1631 2775 οὐσίας
1654 2714 1834 2784 ἑτέρας
1862 2713 2034 2786 pr,
2073 2714 2184 2769 τινὰ
2208 2715 2390 2783 ἑτέρας
2411 2714 2586 2775 οὐσίας
2611 2713 2654 2768 Ε

515 2785 584 2840 13
620 2792 698 2841 τῶ
736 2786 912 2855 κυρίω
949 2786 1009 2850 ἐξ
1045 2786 1202 2857 ἡμῶν
1234 2786 1244 2856 Ι
1277 2785 1326 2841 Ε
1519 2786 1605 2841 15.
1646 2787 1713 2841 16
1750 2787 1842 2842 καὶ
1878 2787 2175 2857 ἄνθρωπον
2202 2786 2426 2856 ἀληθῶς
2465 2802 2574 2841 om.
2593 2784 2652 2855 B,

511 2857 673 2913 intra
712 2857 904 2914 lineas
943 2857 1083 2913 add.
1124 2857 1179 2912 D
1411 2858 1477 2914 17
1514 2858 1651 2914 κατὰ
1686 2857 1781 2929 τὴν
1816 2858 2205 2929 ἀνθρωπότητα
2245 2874 2359 2914 om.
2398 2857 2653 2931 Ru·1'›,'v.

512 2928 741 3001 Euagr.
780 2929 853 2993 H.
894 2930 958 2986 Ε.
998 2928 1056 2985 II
1097 2931 1137 2985 4
1172 2947 1227 3001 p.
1267 2928 1444 2986 294Β
1624 2931 1692 2986 18
1729 2932 1916 2999 ὅμοιον
1953 2931 2178 3004 Apr‚
2216 2931 2345 3001 ἡμῖν
2382 2931 2653 3000 ὄμοούσιον

512 3004 615 3066 (ex
655 3016 744 3057 va.
786 3003 874 3069 17)
915 3000 980 3070 Ο,
1019 3016 1173 3058 corr.
1213 3001 1324 3072 Cw,
1366 3018 1423 3058 v.
1463 3002 1690 3074 Euagr.
1729 3003 1765 3059 l.
1805 3018 1855 3059 c.

401 3181 631 3240 bantur
668 3184 730 3239 et
757 3196 895 3239 eum
923 3196 1058 3239 esse
1083 3196 1210 3239 una
1241 3186 1483 3253 natura,
1522 3182 1609 3239 ita
1645 3185 1716 3240 ut
1753 3196 1827 3240 eo
1854 3185 2048 3254 pacm
2087 3195 2179 3252 ea,
2222 3196 2382 3254 quae
2419 3195 2650 3254 perpes·
2729 3215 2734 3220 -

313 3255 508 3316 ffisus
535 3259 714 3323 esset,
754 3253 1060 3310 divinitati
1099 3254 1598 3312 attribuerentur.
1673 3254 1802 3310 llos
1840 3253 2220 3311 sustulerunt
2258 3259 2319 3310 et
2358 3251 2649 3309 exsecrati

402 3331 546 3383 sunt
593 3332 799 3397 patres
848 3325 888 3380 ii
939 3324 1149 3395 (livini,
1207 3341 1345 3382 cnm
1396 3325 1474 3381 (le
1521 3340 1634 3381 sua
1683 3340 1976 3398 perversa
2019 3325 2323 3381 sententia
2362 3323 2649 3380 decedere

312 3399 384 3458 26
402 3397 757 3456 noluissent.
832 3396 1479 3469 Receperuntautcm
1528 3396 1981 3453 Theodoretum
2035 3402 2095 3453 et
2141 3396 2312 3452 Ibam
2359 3394 2649 3451 damnatis

402 3474 464 3526 et
489 3468 769 3536 Nestorio
802 3474 863 3523 ct
903 3469 976 3523 iis
1014 3469 1334 3540 capitibuS,
1375 3483 1538 3539 quae
1576 3469 1618 3523 ii
1655 3469 1814 3524 inter
1853 3469 2303 3524 contentionem
2326 3466 2649 3534 ediderant,

311 3544 382 3603 27
402 3545 463 3598 et
499 3540 727 3597 sanetis
765 3541 961 3597 tribus
1000 3540 1307 3612 prioribus
1344 3540 1598 3611 synodis
1637 3545 1698 3596 ct
1723 3546 1948 3596 sancto
1981 3555 2010 3595 s
2055 3539 2258 3595 mbolo
2287 3539 2649 3602 confirmato,

312 3616 539 3676 28cu1n
578 3612 907 3669 anathema
945 3613 1350 3669 coniecissent
1387 3612 1449 3669 in
1497 3626 1620 3682 eos,
1673 3614 1777 3683 qui
1816 3612 1970 3668 filios
2053 3612 2185 3668 inos
2224 3611 2651 3666 constituerent

401 3690 461 3741 et
513 3685 947 3757 profiterentur
999 3684 1425 3770 perpessiones
1477 3684 1771 3740 tolerasse
1823 3684 2204 3740 divinitatem
2256 3688 2317 3739 et
2367 3687 2650 3752 tempera·

400 3758 629 3814 tionem
669 3772 743 3813 ae
783 3759 1205 3812 confusionem
1246 3756 1508 3812 duarum
1549 3761 1909 3812 naturarum
1947 3757 2174 3812 sentire
2213 3753 2313 3810 vel
2350 3755 2530 3809 etiam
2572 3750 2650 3805 di·

312 3835 542 3891 fficere
580 3829 883 3886 auderent
921 3836 1029 3885 aut
1068 3830 1172 3899 qui
1213 3829 1369 3884 (luas
1408 3845 1542 3885 esse
1568 3834 1823 3884 naturas
1850 3833 1993 3883 ante
2020 3827 2310 3884 unionem
2337 3828 2399 3880 in
2426 3824 2649 3881 Christo

402 3907 463 3959 et
500 3917 688 3957 unani
734 3908 870 3973 post
906 3903 1197 3957 unionem
1237 3902 1543 3971 tingerent
1582 3902 1811 3971 quique
1850 3901 2172 3956 caelestem
2212 3899 2310 3955 vel
2344 3895 2651 3953 cuiusdam

361 4031 364 4036 ,
401 3976 654 4030 alterius
700 3983 962 4030 naturae
1011 3989 1145 4029 esse
1192 3973 1621 4029 fabularentur
1658 3975 1915 4029 formam
1955 3976 2330 4043 assumptam
2370 3985 2447 4025 ex
2485 3966 2651 4024 nobis

313 4054 440 4111 30a
485 4047 749 4104 domino.
825 4046 1288 4103 Constituerunt
1334 4052 1538 4102 autem
1589 4046 1900 4102 dominum
1948 4051 2224 4102 nostrum
2263 4044 2463 4110 Iesum
2500 4039 2653 4097 Chri·

402 4126 560 4176 stum
611 4121 950 4192 perfeetum
1000 4134 1134 4176 esse
1185 4119 1248 4174 in
1300 4117 1623 4175 divinitate
1670 4124 1731 4175 et
1777 4120 2118 4191 perfectum
2168 4119 2230 4173 iu
2288 4113 2653 4172 humanitate

403 4200 464 4249 et
501 4192 683 4248 deum
723 4207 871 4249 vere
910 4199 971 4249 et
1009 4193 1313 4248 hominem
1352 4206 1504 4262 esse,
1562 4192 1922 4264 participem
1974 4191 2161 4246 animi
2210 4190 2448 4246 ratione
2491 4197 2652 4258 prae·

313 4273 380 4331 31
402 4265 512 4321 diti
550 4270 611 4323 et
650 4268 941 4337 corporis,
981 4265 1197 4322 eadem
1235 4269 1460 4321 natura
1498 4280 1638 4322 cum
1676 4271 1851 4338 patre
1888 4263 2227 4321 secundum
2266 4261 2652 4324 divinitatem,

402 4338 619 4399 eadem
657 4344 882 4397 natura
920 4340 1241 4399 nobiseum
1279 4343 1340 4397 et
1376 4352 1591 4414 parem
1630 4339 1795 4397 omni
1831 4336 2014 4396 modo
2053 4342 2299 4412 praeter
2325 4336 2652 4410 peccatum,

1302 4516 2327 4913 ,Δ-
