2870 4966
480 294 775 369 mmmm
812 296 1037 369 MORS.
1114 295 1606 370 monrnonvs
1644 297 2179 371 PATntAnan.
2359 296 2471 368 806

388 489 517 558 Τοῦ
564 489 790 575 μέντοι
843 489 1240 578 πατριάρχου
1290 488 1608 576 Ταρασίου
1662 489 1771 558 τὸν
1826 489 1970 578 βίον
2010 490 2473 581 μετηλλαχότος
2494 499 2564 560 14

209 594 364 667 κατὰ
409 592 524 680 τὴν
566 593 834 680 πρώτην
878 593 1211 680 έβόομάὸα
1259 597 1389 659 τῶν
1432 597 1755 680 νηστειῶν,
1818 592 2205 681 Νικηφόρος
2248 593 2288 661 ό
2332 594 2468 678 dot-

210 700 390 786 ὖιμος
432 697 648 784 ψήφῳ
694 702 880 784 κοινῇ
924 695 1086 764 κατὰ
1132 695 1245 784 τὴν
1288 701 1401 762 τοῦ
1446 696 1661 782 πάσχα
1708 695 2025 783 κυριακὴν
2079 697 2472 784 πατριάρχης

208 799 696 889 κεχειροτόνητο,
752 801 1094 888 ἀσηκρῆτις
1138 801 1492 887 τυγχάνων,
1557 799 1913 874 Πλάτωνος
1957 799 2066 867 καὶ
2119 799 2473 886 Θεοόώρου
2492 811 2563 870 16

160 919 193 977 ὖ
208 911 316 973 τοῦ
360 903 693 991 γεγονότος
734 904 1096 990 ἡγουμένου
1137 911 1248 992 τῆς
1277 910 1390 970 τοῦ
1422 903 1740 969 Στουόίου
1770 909 1977 990 μονῆς
2006 905 2474 971 στασιασάντων

211 1008 308 1077 dui
352 1006 466 1094 τὴν
510 1013 624 1073 τοῦ
667 1008 968 1093 μάκαρος
1013 1008 1257 1074 ἐκείνου
1303 1008 1711 1094 χειροτονίαν,
1767 1007 1860 1073 ὅτι
1906 1007 2177 1093 ἀθρόως
2220 1009 2294 1075 ἐκ
2339 1008 2471 1075 λαϊ-

208 1117 343 1181 κῶν
387 1113 476 1185 εἷς
519 1111 633 1198 τὴν
678 1111 1030 1198 ἐπισκοπὴν
1073 1112 1568 1199 προκεχείριστο,
1633 1111 1834 1177 καίτοι
1890 1111 2116 1177 τούτου
2172 1111 2474 1186 πολλάκις

206 1216 618 1302 πραχθέντος.
712 1217 827 1288 οὓς
881 1215 991 1281 καὶ
1046 1215 1351 1283 ἀπελάσαι
1409 1222 1519 1301 τῆς
1570 1215 1822 1288 πόλεως
1867 1215 1905 1279 ὁ
1939 1213 2240 1301 βασιλεὺς
2284 1215 2471 1302 ἔβου-
2492 1229 2563 1288 16

207 1322 486 1404 λεύσατο,
551 1320 631 1385 οὔ
687 1319 819 1406 μὴν
864 1318 973 1385 καὶ
1019 1320 1106 1392 εἷς
1151 1320 1340 1404 ἔργον
1385 1318 1458 1384 τὸ
1502 1319 1829 1405 βούλευμα
1877 1320 2157 1405 ἤνεγκεν.
2250 1318 2365 1385 εἶσὶ
2410 1319 2470 1386 ό’
2494 1334 2562 1394 17

133 1440 193 1498 10
208 1428 274 1492 οἳ
306 1424 555 1509 λέγουσι
601 1428 841 1509 σκῆψιν
886 1421 1040 1489 εἶναι
1084 1423 1157 1488 τὸ
1203 1422 1529 1489 στασιάσαι
1575 1421 1807 1496 αὐτοὺς
1854 1422 1956 1490 aad
2003 1422 2074 1489 τὸ
2121 1423 2194 1490 ἐκ
2232 1423 2474 1518 λαΐκῶν
2491 1437 2548 1496 D

208 1529 494 1615 γενέσθαι
537 1528 934 1614 πατριάρχην
974 1527 1083 1593 τὸν
1115 1527 1285 1613 ἱερὸν
1316 1526 1724 1614 Νικηφόρον,
1771 1528 1843 1595 τὸ
1891 1524 1949 1594 ό’
1998 1528 2235 1616 ἀληθὲς
2280 1530 2475 1595 αἴτιον

207 1633 539 1719 φιλαρχίαν
584 1631 755 1698 εἶναι.
850 1631 1201 1718 ἠβούλοντο
1262 1631 1383 1717 γὰρ
1442 1640 1552 1720 τῆς
1610 1625 1946 1721 ἐκκλησίας
1999 1633 2318 1720 ἐγκρατεῖς
2373 1657 2472 1719 γε·
2494 1650 2565 1707 18

207 1738 424 1804 νέσθαι
470 1736 580 1802 καὶ
624 1742 737 1802 τοῦ
786 1736 1227 1821 ἀρχιερατικοῦ
1274 1742 1384 1822 τῆς
1421 1736 2154 1811 Κωνσταντινουπόλεως
2184 1737 2474 1825 ἐπιβῆναι

206 1841 448 1926 θρόνου
493 1839 639 1926 περὶ
681 1839 974 1917 πλείστου
1020 1841 1377 1927 πεποίηντο.
1469 1848 1565 1927 τῷ
1603 1840 1673 1906 όὲ
1704 1843 1829 1928 υἱῷ
1858 1842 2055 1929 αὐτοῦ
2085 1841 2475 1928 Σταυρακίῳ
2498 1858 2567 1916 19
2591 1857 2831 1921 wlnw

129 1960 189 2018 15
208 1944 556 2031 ἀγαγέσθαι
615 1950 882 2028 γυναῖκα
932 1944 970 2008 ὁ
1015 1943 1307 2029 βασιλεὺς
1362 1944 1706 2032 βουληθεὶς
1759 1945 2082 2031 Θεοφανὼ
2128 1944 2242 2031 τὴν
2277 1946 2472 2032 Ἀθη-
2583 1987 2617 1997 -·

208 2049 406 2134 ναίαν,
452 2054 774 2135 προσγενῆ
809 2054 919 2136 τῆς
948 2049 1311 2135 βασιλίσσης
1341 2047 1626 2136 Εἰρήνης
1673 2047 1871 2115 οὖσαν
1915 2049 2023 2116 καὶ
2069 2049 2193 2135 ἤδη
2240 2073 2471 2136 κατηγ-

213 2249 241 2306 1
279 2247 398 2320 περὶ
432 2252 782 2320 πατριαρχῶν
820 2244 866 2305 C
1011 2246 1047 2304 2
1084 2247 1159 2303 ὅτι
1195 2244 1327 2318 μετὰ
1365 2245 1454 2304 τὸν
1488 2245 1546 2303 ὃν
1581 2246 1615 2303 ά
1649 2247 1749 2310 ίοις
1780 2245 2041 2318 Ταράσιον
2064 2247 2098 2303 ό
2119 2247 2269 2310 θεῖος
2292 2247 2471 2322 Νικη-

251 2324 374 2393 όρος
408 2321 794 2394 προεχειρίσθη
832 2320 1166 2394 πατριάρχης
1205 2319 1252 2380 Ο
1397 2319 1433 2377 4
1471 2320 1564 2377 καί
1670 2342 1748 2384 ως
1783 2321 1817 2377 ό
1849 2320 2084 2379 Πλάτων
2118 2320 2211 2378 καὶ
2242 2321 2276 2377 ό
2297 2321 2469 2377 Στου·

240 2398 348 2467 ίτης
379 2395 668 2465 Θεόδωρος
692 2394 997 2459 ἐστασίαζον
1018 2393 1064 2453 C
1224 2393 1259 2450 9
1295 2393 1344 2450 εί
1366 2392 1457 2450 διὰ
1483 2393 1772 2467 φιλαρχίαν
1796 2395 1830 2451 ό
1849 2395 2150 2468 μακαρίτης
2180 2394 2469 2466 Θεόδωρος

205 2469 509 2542 άπεσχίζετο
545 2468 612 2525 οὗ
650 2466 738 2541 τὸν
772 2468 895 2542 βίον
931 2467 1233 2540 ᾖό<οΰ>ντο
1270 2467 1361 2525 καὶ
1398 2467 1695 2540 ά<γ>γελοι,
1733 2467 1833 2541 οὔχ
1872 2469 1987 2541 όρῶ
2026 2468 2101 2531 τίς
2138 2470 2232 2536 (τις
2252 2465 2365 2539 Ar)
2403 2467 2470 2526 ἂν

206 2542 357 2605 ἄλλος
394 2542 461 2599 οὐ
499 2543 762 2614 φίλαρχος
796 2543 1081 2613 νομισθειή
1120 2539 1212 2602 A.-
1360 2540 1429 2599 14
1466 2543 1584 2598 οἷαν
1614 2550 1689 2614 τῷ
1716 2544 1819 2614 υἱῷ
1845 2542 2009 2599 αὐτοῦ
2037 2549 2114 2615 τῷ
2141 2542 2471 2614 Σταυρακίῳ

206 2617 534 2690 (σταβρακίω
574 2616 644 2685 Ε)
681 2624 907 2688 γυναῖκα
946 2615 1254 2682 συνέζευξεν
1294 2614 1341 2672 Ε
1774 2623 1788 2675 ’.

315 2818 343 2875 1
383 2818 739 2891 μεταλαχότος
767 2818 831 2890 Ε,
873 2816 1220 2881 ἀπολιπόντος
1247 2816 1294 2877 Β
1442 2818 1479 2875 3
1514 2816 1697 2892 ψήφῳ
1736 2825 1894 2892 κοινῇ
1932 2822 2071 2893 post
2105 2816 2379 2894 κυριακὴν
2415 2816 2472 2875 D

311 2946 347 3004 4
384 2952 529 3005 ante
568 2946 661 3004 καὶ
700 2946 841 3005 add.
882 2944 944 3005 63
980 2945 1035 3004 D
1180 2946 1217 3004 5
1254 2894 1557 3021 ’haefth-ov
1583 2911 1857 3021 yeygvdtoe
1891 2945 1955 3018 Β,
2003 2946 2227 3021 quibus
2266 2946 2474 3006 verbio

313 3021 527 3078 inserit
563 3028 657 3078 τοῦ
697 3020 793 3083 Bw
940 3021 1156 3078 σταδίου
1196 3018 1251 3077 D
1410 3020 1445 3080 7
1483 3020 1723 3078 τοιούτου
1763 3020 2015 3094 Ewap
2177 3021 2214 3078 8
2252 3020 2346 3084 οὓς
2381 3019 2475 3080 καί

312 3110 427 3150 om.
467 3093 541 3165 Ι),
580 3094 778 3167 suppl.
807 3093 912 3155 Dw
1083 3094 1118 3150 9
1152 3094 1401 3168 βούλημα
1442 3093 1589 3167 Ewp
1649 3089 1654 3098 '
1754 3093 1954 3167 9-121
1993 3109 2051 3150 v.
2100 3092 2382 3152 Theodor
2416 3109 2471 3152 υ.

308 3164 578 3223 Studion
615 3184 674 3224 u.
714 3164 848 3223 sein
888 3163 1202 3223 Zeitalter.
1242 3164 1448 3238 Leipz.
1489 3164 1908 3241 InauqaeDiss.
1947 3183 2001 3224 v.
2032 3166 2177 3225 Carl
2211 3167 2474 3225 Thomas

310 3239 568 3297 osnabr.
611 3240 752 3297 1892
790 3236 847 3312 1').
886 3241 958 3295 68
1168 3239 1237 3296 12
1273 3241 1440 3312 φιλαρ
1480 3241 1563 3303 ίας
1601 3240 1655 3297 D
1875 3248 1967 3313 τῆς
2004 3240 2295 3313 άκκλησίας
2332 3246 2471 3314 post

308 3313 553 3384 γενέσθαι
591 3312 658 3369 Ο·
847 3317 986 3385 post
1021 3312 1291 3386 ἐγκρατεῖς
1329 3313 1409 3369 ad
1458 3354 1471 3370 .
1509 3313 1660 3371 αὐτοὶ
1699 3313 1849 3387 pr
2048 3312 2116 3370 14
2151 3313 2392 3370 πλεῖστον
2428 3311 2476 3372 C

385 3384 468 3441 14.
508 3401 565 3458 p.
604 3385 729 3456 306,
771 3385 799 3442 1
841 3387 1156 3458 σταβρακίω
1196 3385 1244 3442 Ε
1282 3388 1361 3453 (v.
1402 3401 1643 3459 argum.
1684 3386 1765 3445 ad
1804 3388 1859 3444 h.
1899 3385 1960 3455 l.)

381 3579 742 3639 Patriarcha
780 3580 1037 3640 Tarasio
1084 3580 1280 3654 prima
1318 3582 1689 3641 ieiuniorum
1738 3581 2122 3641 hebdomade
2161 3581 2472 3653 defuncto,
2494 3584 2568 3645 14

205 3652 467 3712 inciutus
499 3654 898 3728 Nicephorus,
937 3671 976 3711 a
1012 3656 1280 3726 secretis,
1321 3655 1630 3712 dominica
1664 3656 1970 3729 paschatis
2009 3656 2314 3713 communi
2351 3656 2474 3713 suf·

205 3728 405 3798 fregio
456 3729 805 3799 patriarcha
852 3733 944 3785 est
991 3728 1237 3800 electae,
1295 3729 1393 3786 cui
1448 3729 1730 3786 electioni
1769 3728 1944 3785 Plato
1993 3734 2055 3787 et
2092 3728 2470 3800 Theodorus,
2493 3730 2567 3790 1⁶
2607 3741 2610 3744 '

206 3799 396 3855 abbas
434 3799 778 3857 Studiensis
829 3801 1201 3871 monasterii,
1257 3817 1325 3858 se
1375 3807 1817 3874 opposuerunt,
1879 3800 2046 3873 quod
2090 3800 2238 3858 Nice
2285 3800 2471 3858 horus

207 3870 383 3927 homo
405 3872 597 3929 laicus
618 3874 1040 3946 episcopatum
1061 3874 1265 3930 subito
1288 3873 1551 3946 adeptus
1577 3880 1754 3944 esset,
1795 3888 2166 3945 quamquam
2195 3874 2212 3930 i
2283 3888 2471 3946 saepe

207 3943 531 4002 acciderat.
607 3946 775 4012 Quos
833 3963 943 4003 rcx
992 3947 1147 4002 urbe
1197 3948 1423 4019 pellere
1472 3949 1532 4003 in
1582 3948 1785 4002 animo
1826 3945 2040 4002 habuit
2078 3960 2281 4017 neque
2322 3961 2471 4003 vero
2492 3949 2568 4008 1ss

206 4015 264 4070 id
305 4018 622 4075 consilium
665 4024 756 4074 est
794 4026 1144 4076 exsecutus,
1220 4018 1375 4077 Sunt
1415 4021 1518 4090 qui
1567 4020 1701 4075 illos
1749 4020 1978 4075 crimen
2026 4017 2223 4075 laicae
2271 4018 2474 4075 condi·
2494 4023 2567 4081 17

207 4088 384 4145 tionis
422 4093 617 4147 sancti
658 4090 985 4163 Nicephori
1026 4093 1343 4148 anibitioni
1383 4107 1535 4148 suae
1580 4092 2004 4163 praetexuisse
2052 4089 2277 4160 dicant,
2334 4106 2472 4148 cum
2494 4095 2570 4153 18

207 4176 271 4216 re
310 4178 459 4219 vera
499 4164 612 4235 ipsi
654 4164 971 4220 ecelesiae·
992 4164 1295 4221 dominari
1335 4171 1397 4220 ct
1437 4165 1812 4234 pontificium
1840 4163 2044 4235 Cpoli‘s
2076 4164 2295 4220 solium
2335 4178 2474 4221 con·

206 4234 498 4291 scendere
537 4238 810 4308 impense
851 4242 1165 4309 cuperent.
1241 4237 1374 4293 Rex
1413 4236 1535 4293 filio
1575 4250 1835 4292 uxorem
1872 4237 2131 4294 daturus
2156 4237 2572 4310 'theognia-19

206 4320 427 4364 nonem
454 4308 908 4379 Atheniensem,
967 4310 1176 4366 Irenes
1215 4311 1473 4382 reginae
1511 4314 1843 4382 cognatam
1882 4311 2003 4367 iam
2041 4311 2177 4367 viro
2218 4313 2474 4385 despon-

208 4393 352 4454 sam,
392 4380 715 4440 stauracio
755 4382 1145 4457 sponsalibus
1185 4385 1420 4442 nefarie
1460 4384 1776 4458 diremptis
1813 4386 2151 4454 coniunxit.

317 4492 554 4539 Zonarae
585 4492 814 4551 Epuome
844 4492 934 4540 111.
1299 4538 1303 4542 ,
2001 4560 2007 4569 ¹
2096 4477 2169 4536 20
