2870 4966
368 253 432 315 X
1330 259 1662 321 Praefatio.

371 438 673 526 Denique
735 439 802 508 in
863 439 1156 539 margine
1212 439 1454 511 adiecit
1502 441 1770 513 Wolfius
1821 447 2203 529 argumenta
2259 462 2500 530 graeca
2545 463 2629 513 ex

372 547 705 619 codicibus
771 546 1134 637 desumpta,
1206 558 1371 636 quae
1441 569 1558 620 nos
1627 571 1710 620 cx
1782 549 2113 620 codicibus
2161 551 2494 623 Woltianis
2563 560 2630 622 et

373 658 540 726 libro
573 654 868 727 Parisino
906 656 1079 725 1715
1111 657 1411 746 suppleta
1457 656 1633 727 infra
1680 663 2052 728 contextum
2099 660 2454 749 repetenda
2485 680 2628 730 esse

375 768 758 836 censuimus.

550 875 711 945 Post
757 875 1052 945 Wolfium
1102 882 1317 945 autem
1369 873 1656 946 Carolus
1700 877 2103 966 Ducanqiws
2150 878 2443 947 Zonarae
2499 878 2629 967 epi·

370 991 612 1053 tomam
676 984 1085 1053 historiarum
1156 986 1332 1069 (nam
1393 987 1696 1074 ἐπιτομὴν
1752 989 2045 1073 ἱστοριῶν
2103 986 2397 1056 Zonarae
2465 1007 2628 1076 opus

370 1093 572 1162 fuisse
636 1092 1014 1182 inscriptum
1072 1114 1191 1163 nos
1249 1095 1316 1162 in
1376 1095 2022 1162 commentationibus
2078 1095 2650 1165 Fleckeisenianis.

371 1203 578 1291 (Lips.
617 1202 817 1287 1890)
862 1224 926 1291 p.
966 1202 1092 1270 123
1140 1224 1288 1271 ann.
1341 1204 1370 1271 1
1427 1209 1495 1273 et
1541 1224 1622 1272 ex
1669 1202 2054 1273 testimoniis
2120 1203 2415 1273 codicum
2469 1205 2630 1293 opti·

369 1313 655 1401 morum¹
704 1317 770 1379 et
818 1331 899 1379 ex
941 1312 1148 1400 ipsius
1194 1297 1528 1400 scriptoris
1574 1333 1692 1380 usu
1725 1312 2327 1397 demonstravimus)
2374 1312 2627 1381 duobus

368 1420 799 1489 voluminibus
830 1421 1101 1489 Parisiis
1148 1443 1206 1490 a.
1247 1422 1419 1490 1686
1445 1443 1496 1490 s.
1544 1423 1639 1510 ita
1686 1420 1912 1508 edidit,
1960 1429 2032 1488 ut
2078 1419 2321 1490 additis
2367 1429 2630 1491 annota-

371 1530 654 1598 tionibus
712 1528 886 1598 haud
952 1530 1334 1619 spernendis
1390 1531 1756 1599 universum
1811 1530 1936 1599 hoe
1983 1531 2308 1599 annalium
2355 1551 2516 1620 opus
2562 1532 2629 1599 in

373 1638 577 1707 libros
624 1638 1095 1727 duodeviginti,
1162 1641 1363 1708 libros
1419 1661 1575 1709 vero
1623 1641 1686 1708 in
1738 1640 1957 1728 capita
2002 1640 2370 1728 partiretur,
2438 1661 2629 1726 quam

370 1748 755 1817 divisionem
788 1767 905 1816 nos
930 1770 1183 1835 quoque
1216 1751 1535 1817 tenuimus
1568 1749 1844 1818 adiectis
1891 1751 2149 1836 insuper
2194 1749 2629 1837 paragrapho·

373 1879 529 1925 rum·
561 1860 863 1926 numeris,
933 1859 1075 1940 Qua
1122 1860 1188 1927 in
1235 1859 1521 1927 editione
1570 1880 1956 1945 quamquam
2003 1859 2383 1945 Ducangius
2430 1845 2630 1928 libros

367 1968 698 2036 Parisinos
734 1969 928 2053 1714,
961 1969 1152 2055 1716,
1185 1970 1378 2055 1717,
1411 1968 1604 2054 1718,
1636 1969 1808 2036 1768
1844 1962 1930 2048 (ν’.
1956 1969 2127 2056 Byz.
2150 1970 2473 2036 Zeitschr.
2501 1969 2541 2036 l.
2571 1990 2625 2036 c.

367 2099 434 2165 p.
461 2078 589 2146 217
618 2080 730 2159 sa)
766 2077 1077 2145 adhibere
1109 2079 1342 2166 potuit,
1390 2086 1606 2147 tamen
1640 2078 1919 2163 quinque
1967 2077 2062 2144 illi
2112 2077 2371 2145 codices
2417 2079 2501 2146 ab
2549 2099 2627 2146 eo

368 2207 514 2254 cum
547 2185 832 2255 editione
865 2186 1158 2276 principe
1182 2209 1308 2254 uon
1334 2185 1526 2255 modo
1551 2209 1679 2255 non
1705 2188 2083 2275 comparati,
2133 2185 2248 2256 sed
2276 2187 2470 2255 etiam
2496 2194 2628 2255 tam

285 2349 313 2376 ,Δ
366 2317 515 2364 raro
549 2294 824 2384 inspecti
856 2304 1026 2383 sunt,
1075 2305 1146 2365 ut
1177 2318 1387 2384 neque
1421 2295 1815 2365 dubitaverit
1842 2298 2221 2384 Ducangius
2245 2296 2628 2374 Wolfianam

367 2404 733 2503 editionem·
764 2405 849 2475 ad
892 2408 1159 2475 verbum
1208 2407 1343 2476 fere
1390 2401 1684 2497 repetere
1729 2407 2090 2476 manifestis
2136 2407 2453 2475 erroribus
2499 2428 2627 2476 non

367 2518 674 2588 correctis
721 2519 811 2605 (v,
861 2516 946 2587 ad
994 2518 1163 2587 XIII
1215 2520 1403 2604 1,11.
1457 2519 1607 2605 7,8.
1662 2518 1893 2606 11,13.
1949 2517 2182 2598 14,15.
2235 2518 2469 2601 16,41.
2522 2518 2626 2604 18,

367 2628 475 2696 25.
500 2628 608 2698 27.
657 2629 896 2715 22,12.
945 2630 1139 2715 24,1.
1189 2628 1296 2717 25,
1323 2629 1431 2698 31.
1481 2629 1641 2697 XIV
1693 2629 1836 2716 1,2.
1874 2629 1976 2696 14.
2011 2628 2118 2698 35.
2176 2628 2239 2710 2,
2271 2628 2376 2696 33.
2431 2627 2495 2714 5,
2516 2627 2626 2698 39.

413 2738 476 2808 2.
526 2739 589 2826 6,
616 2740 723 2808 32.
745 2739 852 2809 35.
902 2740 966 2826 9,
992 2740 1055 2809 6.
1113 2739 1428 2828 11,5.15.
1486 2740 1587 2827 12,
1614 2739 1719 2808 24.
1749 2740 1856 2811 33.
1878 2735 1986 2809 52.
2055 2738 2369 2826 1>4,6.10.
2403 2740 2486 2806 14
2518 2737 2626 2808 fin.

376 2847 564 2936 19,5.
633 2850 871 2937 2Ο,10.
943 2851 1498 2936 21,1.8.11.16.
1547 2846 1847 2937 '22‚1.3.
1880 2850 1981 2919 12.
2011 2843 2116 2919 20.
2189 2849 2383 2936 23,9.
2433 2848 2627 2935 24,5.

228 3048 231 3051 ¹
367 2958 565 3049 25,5.
598 2960 699 3028 17.
768 2961 963 3047 27,4.
996 2961 1076 3029 13
1101 2963 1255 3046 cet.)
1327 2967 1411 3045 et,
1476 2960 1531 3030 si
1580 2960 1782 3030 verba
1828 2959 2189 3049 depravata
2235 2959 2376 3028 visa
2423 2963 2627 3046 erant,

368 3070 714 3157 aliquoties
760 3068 845 3139 ad
904 3071 1338 3139 coniecturam
1400 3071 1625 3157 fugere
1684 3070 2000 3157 maluerit,
2070 3091 2261 3156 quam
2309 3068 2629 3158 inspicere
2739 3068 2744 3077 ’

365 3179 565 3248 libros
596 3201 787 3248 manu
821 3181 1114 3270 scriptos,
1165 3202 1433 3267 quorum
1459 3196 1557 3249 ‘ex
1599 3181 1978 3249 testimoniis
2023 3186 2266 3249 certam
2308 3179 2628 3249 medelam

364 3290 675 3359 facillime
746 3291 980 3360 afferre
1044 3299 1299 3379 poterat
1365 3293 1454 3376 (v.
1502 3289 1589 3359 ad
1637 3291 1805 3358 XIII
1857 3289 2090 3377 18,15.
2157 3289 2395 3376 21,18.
2466 3288 2628 3358 XIV

364 3401 560 3487 6,10.
611 3401 806 3487 7,11.
857 3400 919 3485 8,
942 3401 1005 3469 6.
1032 3401 1095 3469 9.
1145 3399 1254 3487 20,
1280 3402 1341 3469 2.
1378 3401 1477 3469 14.
1529 3400 1637 3487 23,
1666 3400 1725 3467 7.
1776 3399 2146 3485 28,lcet.).

548 3508 792 3591 Quodsi
852 3511 1229 3597 Dueangius
1296 3532 1374 3579 ea
1423 3524 1602 3596 'quae
1650 3509 1917 3578 Wolfius
1976 3508 2275 3578 ediderat
2301 3509 2627 3597 ¹paucissi-

364 3620 489 3687 mis
562 3618 823 3727 quidem
880 3620 1057 3689 locis
1133 3618 1391 3687 videtur
1467 3618 1846 3687 emendasse
1904 3620 1992 3701 (v.
2052 3618 2091 3685 l.
2144 3639 2200 3688 c.
2232 3642 2313 3707 p.
2363 3618 2494 3686 229
2561 3624 2628 3686 et

366 3726 455 3797 ad
486 3729 655 3797 XIII
685 3730 1008 3815 1,11.16.
1034 3729 1143 3797 25.
1195 3728 1388 3816 7,15.
1440 3728 1637 3814 8,19.
1690 3728 1794 3813 18,
1820 3727 1927 3795 25.
1977 3728 2138 3795 XIV
2190 3729 2379 3813 1,17.
2426 3727 2624 3812 4,16.

364 3889 404 3930 a
450 3873 607 3929 libro
646 3872 833 3930 XVII.
873 3872 1085 3929 codiee
1124 3871 1186 3943 C,
1244 3874 1330 3929 ita
1388 3867 1609 3939 tamen,
1666 3875 1735 3928 ut
1785 3888 1932 3945 non¹
1961 3871 2272 3928 dubitaret
2311 3887 2390 3929 ex
2439 3871 2627 3940 libris,

366 3979 522 4036 quos
571 3963 850 4022 adhibuit
898 3964 978 4021 ad
1011 3974 1253 4037 graeca
1302 3963 1614 4045 scriptoris
1659 3963 1851 4020 verba
1889 3962 2287 4030 restituenda,
2333 3962 2628 4019 nonnulla

226 4050 227 4057 ’
365 4070 718 4128 aspergere.

488 4136 493 4142 ’
544 4142 567 4184 ¹
604 4143 781 4202 Nunc
817 4151 959 4203 sunt
1002 4144 1289 4202 addenda
1337 4145 1683 4202 testimonia
1732 4143 1862 4201 eod.
1902 4142 2113 4201 Venet.
2152 4143 2275 4214 339,
2313 4138 2437 4214 401,
2496 4142 2625 4200 eod.

365 4237 804 4295 Escoriaiensis
842 4235 894 4294 Τ
930 4236 1017 4293 111
1056 4236 1107 4308 5,
1148 4236 1280 4293 eod.
1309 4235 1669 4292 Mutinensis
1709 4235 1767 4292 11
1804 4235 1851 4292 1⁴¹
1893 4236 1960 4292 12
1998 4236 2216 4308 partim
2256 4251 2294 4292 a
2331 4233 2628 4291 Krumba·

368 4329 555 4386 chero
613 4330 784 4403 (Byz.
825 4325 1118 4386 Zeitschr.
1168 4343 1221 4385 a.
1264 4326 1405 4386 1892
1445 4326 1516 4398 (I)
1565 4343 1620 4401 p.
1661 4326 1789 4399 596)
1848 4326 2067 4401 partlm
2119 4342 2157 4383 a
2208 4324 2627 4384 Boissevainio

366 4419 537 4493 (ibid.
578 4437 632 4479 a.
674 4419 814 4480 1805
852 4419 979 4494 (IV)
1017 4436 1075 4495 p.
1113 4418 1220 4480 253
1239 4420 1310 4489 s.)
1348 4417 1550 4478 allata.

1223 4615 1926 4922 Δ
