2870 4966
106 837 421 918 1³11107A

446 328 556 389 266
1090 328 1368 397 ZONAR.
1407 336 1609 399 EPIT.
1647 336 1758 402 XV
1794 338 1848 412 5,
1885 332 2083 398 6-20.

444 520 648 612 κηνδν
690 519 801 589 καὶ
842 519 1012 607 πρὸς
1055 521 1167 592 τὸν
1210 530 1325 593 τοῦ
1373 523 1768 614 Θρᾳκησίου,
1813 523 1926 593 τὸν
1970 524 2357 614 Σισινάκιον,
2403 489 2715 620 λαμπραῖς

390 632 426 691 7
444 629 818 717 ὖποσχέσεσι
873 630 1169 697 πέπεικεν
1221 628 1457 704 αὐτοὺς
1509 637 1926 719 συμμαχῆσαι
1972 632 2168 718 αὐτῷ.
2259 632 2552 703 ἐντεῦθεν
2607 640 2710 727 ἐμ.

442 733 657 821 φύλιοι
699 732 967 821 πόλεμοι
1013 732 1123 803 καὶ
1166 730 1276 802 ὕπ’
1325 734 1620 823 ἀλλήλων
1659 737 1723 802 οἱ
1746 735 2053 825 Ῥωμαῖοι
2084 736 2479 825 ἐφθείροντο.
2570 744 2710 813 ὅκα.

388 945 568 1035 Βῆδη
615 944 726 1014 καὶ
770 944 810 1015 δ
846 943 1282 1034 Ἀρτάβασδος
1339 945 1654 1036 βασιλεύς.
1748 944 1909 1016 κατὰ
1979 946 2050 1016 δὲ
2112 945 2226 1037 τὴν
2282 954 2414 1020 τῶν
2467 951 2753 1025 πόλεωνδ

440 1050 905 1141 βασιλεύουσαν
962 1056 1095 1120 τῶν
1154 1052 1488 1142 δημοσίων
1542 1050 1890 1142 οἰκονόμος
1938 1052 2339 1143 πραγμάτων
2383 1055 2559 1144 παρὰ
2604 1067 2708 1131 τοῦ

268 1163 272 1170 ’
441 1156 930 1227 Κωνσταντίνου
977 1158 1017 1226 δ
1060 1158 1408 1246 μάγιστρος
1440 1157 1784 1248 Θεοφάνης
1815 1158 2024 1247 εἰάθη.
2071 1161 2147 1236 ὃς
2179 1167 2275 1249 τῷ
2301 1158 2708 1255 Ἀρταβιὶσδῳ

367 1251 371 1257 ’
437 1263 902 1349 προσκείμενος
946 1261 1056 1330 καὶ
1103 1262 1364 1351 γραφὴν
1409 1263 1481 1340 ἐξ
1526 1263 1772 1333 ἐκείνου
1810 1264 2157 1351 δεξάμενος
2189 1264 2467 1355 δημοσίᾳ
2498 1269 2708 1339 θανεῖν

438 1366 549 1434 τὸν
583 1368 655 1435 Κ
648 1374 1068 1436 ωνσταντῒνον
1115 1368 1387 1457 ἐκήρυξε
1417 1367 1669 1438 καὶτὸν
1695 1368 2134 1457 Ἂρτάβασδον
2179 1369 2308 1440 ὑπὸ
2353 1377 2485 1440 τῶν
2530 1396 2704 1461 στρα-

385 1473 770 1559 9τευμάτων
816 1475 1153 1562 αἱρεθῆναι
1198 1474 1286 1548 εἰς
1329 1473 1608 1561 βασιλέα.
1701 1473 1812 1542 καὶ
1859 1476 2069 1550 οὕτως
2115 1475 2153 1542 δ
2201 1476 2411 1563 δῆμος
2454 1485 2565 1566 τῆς
2596 1479 2704 1546 πό-
2722 1488 2774 1547 10

436 1577 602 1652 λεως
647 1579 735 1652 εἷς
779 1579 895 1667 τὴν
937 1580 1222 1667 μεγάλην
1266 1579 1607 1665 ἐκκλησίαν
1653 1580 2148 1666 συναθροισθεὶς
2201 1580 2313 1647 τὸν
2358 1580 2479 1668 μὲν
2524 1582 2703 1650 ,Κων-

438 1689 760 1749 σταντῒνον
782 1685 1136 1771 ἀναθέματι
1160 1683 1643 1772 καθυπέβαλον,
1674 1685 2015 1772 εὐφήμουν
2040 1684 2111 1751 δὲ
2133 1673 2243 1752 τὸν
2264 1685 2704 1773 Ἄρτάβασδον,

349 1789 421 1848 10
435 1787 680 1862 τούτοις
703 1791 1248 1864 συνευδοκοῦντος
1270 1790 1380 1858 καὶ
1403 1797 1518 1858 τοῦ
1541 1791 1941 1878 πατριάρχου
1965 1790 2394 1858 Ἂναστασίου.
2467 1794 2703 1881 δεχθεὶς

439 1892 510 1959 δὲ
567 1893 606 1959 ὁ
653 1894 1089 1981 Ἀρτάβασδος
1145 1894 1255 1962 καὶ
1318 1895 1497 1981 παρὰ
1562 1895 1824 1962 πάντων
1886 1895 2180 1982 βασιλεὺς
2244 1897 2704 1984 ἀναγορευθείς,

255 1997 307 2057 Β
349 2000 411 2056 ll
437 1998 662 2064 αὐτίκα
717 1998 828 2072 τὰς
883 1999 1234 2086 σεβασμίας
1289 2000 1544 2073 εἰκόνας
1606 2005 1936 2087 πανταχοῦ
2002 2000 2452 2087 ἀνεστήλωσεν.
2555 2002 2591 2067 ὁ
2645 2003 2705 2071 δὲ
2723 2008 2772 2067 15

434 2103 830 2190 πατριάρχης
851 2104 1259 2178 Ἀναστάσιος
1306 2104 1632 2191 διώμνυτο
1678 2104 1878 2190 λέγειν
1908 2105 2088 2196 αὐτῷ
2116 2105 2228 2171 τὸν
2258 2106 2705 2193 Κοπρώνυμον

436 2205 531 2273 ὅτι
574 2206 661 2272 “ὀ
708 2207 988 2294 Χριστὸς
1030 2211 1156 2296 ,οὐχ
1203 2207 1343 2283 υἱός
1400 2210 1527 2276 ἐστι
1580 2215 1692 2276 τοῦ
1749 2208 1931 2287 θεοῦ,
1997 2210 2355 2296 ἅνθρωπος
2410 2210 2480 2278 δὲ
2534 2210 2705 2297 ψιλὸς

442 2310 769 2401 γεννηθεὶς
799 2313 872 2382 ἐκ
903 2320 1014 2401 τῆς
1046 2313 1326 2399 Μαρίας,
1374 2314 1471 2389 ὡς
1508 2312 1639 2401 ἐγὼ
1687 2313 1759 2383 ἐκ
1807 2320 1917 2402 τῆς
1963 2313 2122 2401 ἐμῆς
2165 2312 2411 2402 μητρὸς
2457 2314 2706 2403 ἐτέχθην

347 2418 418 2478 12
441 2414 771 2504 Μαρίας,”
856 2417 1232 2496 ’ἐξελθόντος
1278 2415 1395 2488 οὖν
1441 2423 1553 2508 τῆς
1591 2417 2088 2507 μεγαλοπόλεως
2118 2424 2230 2487 τοῦ
2255 2418 2705 2509 Ἀρταβάσδου,

444 2629 513 2690 14
547 2634 788 2709 βασιλεία
827 2641 933 2727 τοῦ.
959 2632 1367 2708 κουροπαλάτου
1399 2633 1760 2709 Ἀρταβάσδου
1800 2632 2190 2710 (δρνταβάσδου
2228 2633 2300 2703 Ε)
2337 2632 2493 2695 Aen

551 2831 580 2890 1
623 2832 716 2890 καί
756 2848 871 2891 orn.
892 2831 947 2889 A
1094 2832 1425 2892 σισιννάκιον
1451 2832 1698 2906 Bcsswp
1716 2818 2001 2907 'Tlieoph
2029 2832 2058 2892 I
2086 2849 2142 2907 p.
2162 2833 2289 2903 414,
2309 2833 2377 2891 81
2526 2832 2562 2891 2
2596 2832 2706 2891 ὕπο·

551 2906 795 2978 σχέσεσιν
832 2907 1035 2962 ἔπεισεν
1070 2905 1217 2979 Ewp
1366 2906 1401 2962 5
1437 2908 1542 2979 ἤδη
1592 2922 1705 2964 om.
1748 2905 1793 2965 C
1942 2906 2013 2963 12
2049 2906 2432 2979 καθυπέβαλον
2468 2902 2705 2978 prDi,

550 2978 964 3051 καθυπέβαλλον
999 2977 1169 3046 ΑΒΟ,
1210 2995 1268 3035 v.
1307 2978 1417 3036 XV
1456 2979 1507 3047 4,
1552 2980 1598 3036 1.
1638 2979 1687 3049 6,
1732 2978 1802 3035 12
2077 2978 2162 3037 11.
2204 2978 2273 3035 12
2310 2978 2400 3035 τὸν
2433 2978 2533 3051 μὲν
2569 2980 2706 3035 Κων-

549 3060 818 3107 σταντΐνον
856 3092 869 3108 .
891 3091 905 3108 .
943 3052 1344 3124 καθυπέβαλον,
1366 3050 1670 3122 ,εὐφήμουν
1695 3050 1755 3106 δὲ
1793 3048 1883 3107 τδν
1914 3049 2289 3123 Ἀρτάβασδον]
2332 3050 2426 3108 De
2453 3051 2704 3110 chinslno

550 3139 608 3180 v.
651 3123 732 3179 ad
771 3123 918 3180 XIII
956 3123 1008 3194 2,
1047 3124 1083 3180 6
1244 3123 1315 3179 15
1350 3125 1674 3196 σεβασμιόυς
1714 3124 1873 3252 EWR
1931 3194 1986 3253 ὅ.
2032 3124 2099 3178 16
2136 3123 2298 3179 αὐτὸν
2337 3122 2393 3179 D
2553 3124 2617 3178 18
2647 3123 2703 3178 ἐκ

1876 3238 1891 3266 ,
1966 3217 1993 3253 ε

549 3203 644 3268 τῆς
677 3197 876 3268 μαρίας
911 3195 1187 3269 γεννηθεὶς
1223 3195 1373 3269 Ewp
1525 3196 1594 3253 19
1630 3196 1728 3253 οὖν
1765 3195 1818 3252 Α
2029 3196 2178 3269 Ewp
2323 3197 2532 3259 πόλεως
2570 3194 2615 3253 Ο

354 3458 359 3464 .
442 3418 505 3463 et
541 3405 622 3462 ad
658 3403 1023 3466 Sisinaeium
1062 3405 1506 3463 Thracensium
1553 3405 1899 3478 magnificis
1937 3405 2483 3478 pollicitationibus
2534 3404 2610 3460 lm
2653 3417 2704 3460 e·

386 3473 646 3548 'Iti-avit,
685 3483 754 3535 ut
792 3493 1002 3536 secum
1041 3480 1387 3537 militarent.
1463 3479 1624 3535 Hine
1663 3478 1868 3535 civilia
1926 3478 2088 3534 bella
2142 3482 2277 3535 orta
2315 3482 2462 3535 sunt
2514 3485 2573 3534 et
2656 3492 2704 3531 o·

439 3552 604 3608 mani
632 3553 862 3609 mutuis
883 3552 1179 3608 caedibus
1218 3568 1354 3608 sese
1375 3554 1805 3621 confecerunt3
1844 3568 1984 3608 nam
2024 3552 2273 3623 utrique
2312 3567 2491 3607 suum
2512 3563 2704 3618 regem

385 3622 890 3698 8sequebantur3
928 3624 1314 3681 Artabasdus
1341 3627 1502 3682 enim
1542 3641 1654 3682 rex
1694 3626 1813 3681 iam
1843 3625 2192 3682 declaratus
2234 3629 2384 3681 erat.
2459 3624 2528 3681 ln
2567 3623 2706 3678 urbe

440 3700 619 3770 regia
682 3698 1122 3755 Constantinus
1186 3697 1627 3770 Theophanem
1691 3699 2056 3767 magistrum
2120 3698 2458 3770 reliquerat
2519 3709 2707 3753 rerum

441 3773 829 3843 publicarum
870 3771 1445 3840 administratorem,
1506 3773 1610 3844 qui
1649 3769 2000 3827 Artabasdo
2054 3770 2299 3828 deditus
2338 3771 2602 3842 acceptis
2635 3765 2705 3821 ab

441 3861 515 3901 eo
557 3845 771 3900 litteris
831 3845 1135 3916 vulgabat
1175 3843 1595 3901 Artabasdum
1641 3843 2043 3901 Constantino
2104 3843 2348 3915 publice
2399 3843 2705 3899 interfecto

385 3914 422 3970 9
441 3934 479 3973 a
500 3916 848 3988 legionibus
870 3923 1144 3973 creat-um
1167 3933 1301 3974 esse
1322 3933 1552 3988 regem.
1613 3916 1711 3974 Sic
1731 3919 1976 3973 urbana
1996 3916 2323 3973 multitudo
2351 3917 2415 3971 in
2437 3926 2706 3985 magnam

441 3990 762 4047 ecelesiam
785 3998 1171 4061 congregata
1192 3989 1659 4047 Constantinum
1682 3991 2074 4046 anathemate
2096 3990 2335 4046 notavit
2358 3994 2418 4045 et
2439 3986 2707 4043 laudibus

442 4067 773 4134 prosecuta
812 4069 905 4119 est
931 4061 1367 4131 Artabasdnm,
1407 4068 1469 4119 et
1507 4061 1835 4119 Anastasio
1877 4063 2228 4134 patriarcha
2268 4060 2706 4134 comprobante.

351 4132 424 4188 10
440 4133 828 4191 Artabasdus
866 4137 1057 4207 igitur
1096 4141 1423 4206 susceptus
1482 4141 1544 4191 et
1583 4136 1664 4191 ab
1705 4136 1989 4191 omnibus
2029 4152 2140 4191 rex
2181 4134 2484 4191 salutatus
2522 4130 2707 4188 statim

350 4206 417 4262 11
441 4207 836 4265 venerandas
862 4210 1165 4279 imagines
1196 4209 1428 4280 ubique
1460 4209 1677 4265 erexit.
1741 4209 2108 4264 Anastasius
2138 4214 2348 4265 autem
2376 4201 2708 4279 patriarcha

439 4280 844 4337 iureiurando
885 4283 1210 4337 affirmavit
1249 4282 1362 4337 sibi
1407 4281 1638 4337 dixisse
1678 4280 2168 4353 Copronymumz
2231 4280 2552 4337 “Cin-istus
2597 4286 2707 4329 non

441 4359 534 4410 est
554 4354 713 4408 filius
754 4353 869 4423 dei,
909 4354 1019 4409 sed
1043 4353 1248 4409 nudus
1270 4354 1451 4410 homo
1492 4370 1569 4409 ex
1593 4352 1786 4409 Mai-ia
1825 4360 2022 4423 natus,
2065 4352 2579 4423 quemadmodum
2600 4358 2707 4414 ego

350 4424 422 4484 12
441 4428 575 4504 ipso
607 4442 643 4484 e
668 4442 806 4483 mea
844 4432 1041 4485 matre
1074 4426 1269 4485 Maria
1302 4435 1488 4485 natus
1526 4426 1718 4483 sum.”
1789 4425 2141 4484 Artabasdo
2181 4426 2399 4483 urbem
2437 4429 2709 4495 magnam

441 864 575 908 στοι
622 838 745 928 γὰρ
789 845 903 908 τοῦ
949 840 1261 927 σφετέρου
1305 840 1623 929 βασιλέως
1668 839 2046 929 ἀντείχοντο,
2095 842 2349 931 ἐπείπερ
2389 845 2708 942 ἀνερρήθη
2727 862 2870 933 1311132
