2870 4966
441 346 552 419 2⁸12
1032 341 1311 416 ZONAR.
1350 352 1552 421 Eprr.
1590 348 1702 422 XV
1739 354 1792 435 Θ,
1832 351 2028 436 19-7,
2068 349 2156 425 10.

374 547 424 609 0
440 543 726 633 ἀρχηγὸς
771 545 1021 635 ἀπέδρα
1025 595 1045 633 ,
1092 544 1300 634 φόνος
1346 544 1417 612 δὲ
1460 543 1663 620 πολὺς
1704 550 1838 614 τῶν
1880 546 2243 636 βαρβάρων
2289 545 2553 638 ἐγένετο,
2606 557 2707 625 καὶ
2724 566 2770 626 D
2789 568 2853 634 111

441 647 523 714 οὗ
565 649 791 736 μείους
844 648 1223 738 ἐλήφθησαν
1281 647 1699 736 δορυάλώτοι,
1762 650 1987 718 πολλοὶ
2046 650 2117 718 δὲ
2172 650 2284 720 καὶ
2336 661 2431 740 τῷ
2484 658 2715 744 βασιλεῖ

348 759 424 817 20
437 754 967 841 προσεχώρησαν.
1071 755 1424 821 κάντεῦθεν
1494 753 1800 840 ἐπαρθεὶς
1867 757 2198 844 θρίαμβον
2266 757 2367 824 ἐπὶ
2433 766 2510 848 τῇ
2575 766 2706 855 νίκῃ

438 858 816 945 κατήγαγεν,
883 858 1076 933 αὐτὸς
1130 859 1252 947 μὲν
1303 859 1693 946 πανοπλίτης
1740 860 1920 927 διιὼν
1963 857 2116 947 μεθ’
2166 861 2567 953 ὡπλισμένης
2607 877 2708 958 τῆς

439 969 747 1049 στρατιᾶς,
790 963 940 1040 τοὺς
971 964 1042 1031 δὲ
1073 960 1522 1053 αἰχμαλώτους
1555 964 1854 1051 δεσμίους
1883 964 2081 1052 ἄγων,
2112 972 2244 1042 τοῖς
2274 961 2494 1043 ὅπλοις
2521 973 2705 1043 αὐτοῦ
2721 990 2751 1046 5

346 1075 415 1134 21
437 1068 553 1156 τὴν
598 1071 798 1159 νίκην,
846 1067 981 1138 ἀλλ’
1031 1073 1111 1138 οὗ
1156 1078 1232 1158 τῇ
1278 1072 1427 1157 θείᾳ
1475 1070 1741 1158 δυνάμει
1788 1070 2316 1158 ἐπιγραφόμενος.
2409 1074 2517 1140 καὶ
2558 1081 2703 1163 μετὰ

435 1173 547 1241 τὸν
592 1176 923 1263 θρίαμβον
968 1176 1117 1251 τοὺς
1155 1176 1605 1264 αἰχμαλώτους
1633 1178 1876 1250 πάντας
1907 1178 2325 1265 ἀναιρεθῆναι
2353 1183 2702 1266 προσέταξε.

375 1279 413 1348 'l
615 1279 857 1367 Γέγονε
918 1279 988 1347 δὲ
1041 1281 1286 1369 χειμὼν
1340 1282 1409 1347 ἐν
1463 1288 1598 1356 ταῖς
1651 1283 1921 1369 ἡμέραις
1972 1289 2083 1370 τῆς
2129 1285 2475 1371 αὐταρχίας
2519 1288 2701 1356 αὐτοῦ

432 1385 657 1472 μέγας,
706 1386 871 1452 ὥστε
914 1385 1008 1473 μὴ
1055 1386 1262 1472 μόνον
1307 1385 1457 1460 τοὺς
1501 1385 1832 1473 ποταμοὺς
1870 1387 1943 1453 ἔκ
1977 1393 2088 1454 τοῦ
2119 1388 2377 1476 ψύχους
2406 1395 2699 1478 κρυσταλ-

357 1489 729 1577 ῡλωθῆναι
790 1491 1025 1568 διόλου,
1091 1489 1249 1557 ἀλλὰ
1306 1489 1415 1558 καὶ
1471 1489 1672 1577 αὐτὴν
1717 1490 1830 1577 τὴν
1875 1490 2210 1558 θάλασσαν
2254 1492 2369 1579 τὴν
2415 1495 2701 1582 ἀρκτῴαν
2720 1515 2774 1572 10

432 1593 533 1661 ἐπὶ
593 1596 813 1662 στάδια
874 1596 1046 1663 πάνυ
1090 1594 1295 1662 πολλὰ
1342 1595 1452 1663 καὶ
1497 1596 1608 1662 τὸν
1651 1601 1765 1663 τοῦ
1811 1595 2055 1663 Στενοῢ
2100 1596 2410 1684 πορθμὸν
2453 1601 2561 1666 καὶ
2602 1602 2700 1670 τὸν

295 1788 300 1793 ψ
375 1710 413 1768 2
431 1699 506 1765 ἐκ
563 1707 675 1787 τῆς
726 1700 981 1774 πόλεως
1038 1700 1204 1786 πρὸς
1249 1700 1685 1786 Χρυσόπολιν.
1779 1697 1882 1767 εἴτ’
1945 1700 2136 1775 αὖθις
2191 1711 2285 1789 τῷ
2339 1706 2698 1794 κρυστάλλῳ
2810 1697 2847 1704 ”’

428 1803 644 1890 χιόνος
690 1806 1110 1891 ἐπιπεσούσης
1155 1806 1457 1893 κάκείνης
1503 1807 1577 1872 ἐκ
1623 1812 1738 1872 τοῦ
1784 1805 2030 1890 κρύους
2074 1807 2571 1896 συμπιληθείσης
2598 1811 2696 1878 καὶ

428 1908 1048 1996 κρυσταλλωθείσης,
1094 1911 1604 1995 πεζοποροῢντες
1650 1910 1712 1974 οἱ
1748 1909 2093 1996 ἅνθρωποι
2125 1909 2381 1998 διῄεσαν
2410 1910 2519 1978 τὸν
2546 1939 2693 2001 πορ-

427 2013 607 2102 θμὸν
651 2021 765 2082 τοῦ
812 2014 1056 2082 Στενοῦ
1115 2014 1225 2081 καὶ
1282 2015 1393 2081 τὸν
1451 2015 1524 2081 ἔκ
1584 2022 1697 2103 τῆς
1751 2014 2005 2088 πόλεως
2066 2014 2234 2101 πρὸς
2278 2015 2693 2100 Χρυσόπολιν,
2712 2033 2764 2090 15

427 2119 935 2206 άχθοφοροῢντά
967 2144 1031 2186 τε
1062 2118 1374 2205 ὑποζύγια
1407 2117 1518 2186 καὶ
1548 2118 1701 2206 βόες
1732 2117 1988 2204 ἁμάξας
2017 2119 2306 2194 ἕλκοντες
2336 2121 2452 2186 σὺν
2482 2122 2692 2209 φόρτῳ

369 2232 407 2290 8
425 2224 664 2312 πολλῷ.
755 2231 943 2291 τοῦτο
1005 2223 1076 2291 δὲ
1122 2224 1231 2291 καὶ
1278 2225 1347 2291 ἒν
1391 2231 1528 2299 ταῖς
1573 2223 1789 2298 ἄλλαις
1834 2223 2188 2299 θαλάσσαις
2232 2225 2369 2292 τότε
2415 2228 2691 2312 γενέσθαι

422 2425 461 2482 8
496 2423 608 2490 οῙος
643 2422 854 2500 χειμὼν
889 2424 1098 2500 γέγονεν
1133 2423 1219 2481 ἐπὶ
1256 2433 1349 2499 τῆς
1382 2424 1654 2500 βασιλείας
1692 2430 1786 2482 τοῦ
1819 2423 2149 2498 δυσωνύμου
2177 2422 2291 2499 OE,
2329 2425 2617 2500 σημείωσαι
2641 2425 2689 2485 A

531 2608 567 2667 2
605 2609 919 2683 δοριάλωτοι
962 2607 1062 2683 Di,
1106 2627 1164 2668 v.
1204 2609 1283 2668 nd
1322 2608 1471 2667 XIII
1510 2610 1562 2681 8,
1600 2608 1637 2667 3
1891 2607 1984 2666 καὶ
2022 2609 2197 2667 initio
2238 2625 2458 2668 versus
2497 2626 2608 2668 om.
2645 2611 2686 2669 Ε

530 2683 567 2739 4
603 2684 905 2758 κατήγαγον
942 2684 1015 2755 D,
1057 2700 1213 2741 corr.
1254 2683 1360 2744 Dw
1522 2681 1730 2755 προιὼν
1770 2685 1819 2744 Ο
1986 2683 2021 2740 5
2059 2682 2109 2740 δ’
2148 2681 2391 2758 prDi
2543 2684 2576 2741 7
2609 2684 2687 2742 άν-

530 2758 815 2831 αιρεθῆναι
850 2758 1167 2830 προςέταξεν
1206 2754 1461 2830 EwpDi,
1511 2757 1859 2831 ἀναιρεθῆναι
1896 2757 2183 2827 προςέταξε
2221 2758 2276 2814 Α
2314 2762 2396 2826 (v.
2436 2757 2516 2815 ad
2553 2757 2685 2814 XIII

531 2831 581 2901 1,
620 2831 695 2902 ὃ),
734 2840 811 2903 τῷ
848 2834 994 2903 ξίφει
1032 2831 1270 2904 ὕπήγαγε
1309 2830 1358 2888 Ο
1407 2831 1511 2889 {VO
1550 2830 1652 2887 lat.
1838 2832 1873 2888 8
1909 2830 2073 2889 αὐτοῦ
2114 2846 2229 2888 om.
2268 2831 2319 2887 E
2494 2831 2529 2888 9
2564 2852 2684 2903 κρυ·

527 2905 869 2977 σταλωθῆναι
909 2904 1036 2976 AR,
1075 2921 1231 2962 corr.
1271 2903 1432 2965 wa
1481 2901 1568 2960 Di
1717 2906 1782 2961 11
1822 2903 1915 2963 καὶ
1953 2905 2125 2976 prius
2165 2920 2280 2962 om.
2321 2904 2394 2976 D,
2432 2904 2569 2961 add.
2592 2904 2684 2965 Dw

530 2977 601 3034 12
637 2978 955 3050 κρυστάλλω
994 2978 1066 3049 A,
1105 2978 1394 3049 κρυστάλω
1490 3020 1504 3049 ,
1546 2993 1702 3034 corr.
1740 2974 2038 3051 wapDi
2235 2978 2304 3034 13
2340 2979 2600 3049 πεσούσης
2636 2977 2683 3032 D

601 3058 747 3109 ante
778 3052 872 3108 καὶ
897 3052 1038 3108 add.
1067 3072 1123 3107 τε
1150 3051 1299 3124 pr
1450 3051 1521 3107 14
1556 3053 2033 3122 κρυσταλωθείσης
2058 3048 2184 3123 AR,
2224 3066 2380 3108 corr.
2406 3047 2685 3124 wapDi

529 3124 597 3182 15
636 3132 731 3182 τοῦ
754 3126 961 3185 Στενοῢ
984 3155 1047 3166 ·-
1068 3125 1415 3197 Χρυσόπολιν
1445 3140 1561 3182 om.
1587 3124 1654 3196 O,
1688 3126 1830 3182 add.
1857 3124 1963 3182 ΑΕ
1991 3121 2275 3198 CprDi
2422 3125 2490 3181 16
2527 3125 2682 3196 ἀχθο-

572 3197 801 3268 οροῢντά
839 3219 892 3255 τε
930 3198 1189 3270 ὑποζύγια
1234 3197 1328 3255 καὶ
1368 3199 1495 3271 βόες
1531 3198 1740 3270 ἁμάξας
1779 3196 2040 3269 ἕλκοντες]
2079 3198 2174 3255 De
2212 3198 2482 3255 chiasmo
2524 3214 2576 3255 v.
2612 3194 2682 3253 ad

525 3219 690 3327 {illl-
713 3270 764 3344 2,
803 3270 840 3329 6
993 3272 1237 3333 ἕλκοντες
1273 3269 1501 3345 Apr,
1545 3273 1755 3344 ἔχοντες
1790 3293 1846 3329 τε
1882 3270 1975 3329 καὶ
2011 3270 2254 3334 ἕλκοντες
2293 3271 2357 3344 Ε,
2397 3272 2599 3345 ἔχοντες
2633 3268 2681 3325 D

527 3344 596 3401 17
634 3345 803 3401 τούτω
841 3342 889 3400 Β
1037 3353 1148 3407 ταῖς
1188 3360 1304 3402 om.
1345 3343 1394 3402 Ο
2274 3351 2279 3357 ’

414 3508 710 3568 berorum
750 3507 941 3568 caede
980 3509 1145 3568 edita
1183 3524 1300 3567 nec
1339 3510 1740 3583 paucioribus
1774 3510 1995 3584 captim
2035 3510 2206 3567 multi
2247 3524 2495 3584 quoque
2531 3509 2679 3566 ultro

322 3581 497 3641 mad
537 3599 747 3657 regem
787 3599 855 3641 ee
894 3583 1307 3642 contulerunt.
1384 3582 1503 3649 Qui
1542 3599 1610 3641 re
1674 3583 1829 3641 bene
1868 3589 2047 3655 gesta
2085 3583 2282 3640 elatus
2322 3583 2679 3656 triumphum

413 3672 610 3731 agene
659 3658 792 3729 lpse
841 3662 1116 3714 armatus
1163 3671 1301 3712 cum
1344 3657 1595 3713 armatis
1634 3656 1984 3728 legionibus
2026 3672 2134 3729 per
2173 3655 2390 3726 urbem
2432 3656 2557 3711 ibat
2594 3668 2679 3709 ca·

415 3730 743 3803 ptivosque
781 3731 843 3787 in
884 3730 1148 3786 vinculis
1189 3727 1561 3796 adducebat,
1602 3730 1862 3786 victoria
1900 3745 2027 3786 non
2067 3729 2319 3786 divinae
2361 3728 2677 3802 potentiae,

320 3801 390 3861 21
412 3803 523 3932 {ted
561 3804 690 3859 suis
728 3804 914 3859 armis
950 3804 1236 3876 ascripta.
1310 3801 1460 3859 Post
1486 3803 1861 3875 triumphum
1887 3803 2167 3875 captivos
2195 3818 2407 3859 onmes
2427 3798 2679 3857 interimi

435 3876 605 3933 ussit.
1812 3911 1815 3916 ·
1885 3931 1888 3936 .

595 3950 658 4007 7.·
721 3945 861 4004 Fuit
912 3947 1105 4005 hiems
1164 3948 1280 4004 sub
1321 3948 1456 4005 eius
1512 3948 1769 4020 imperio
1809 3949 2186 4020 saevissima,
2243 3948 2402 4007 adeo
2440 3952 2509 4004 ut
2564 3958 2678 4001 non

411 4021 583 4079 fluvii
607 4025 863 4092 tantum,
903 4020 1012 4078 sed
1052 4026 1112 4077 et
1134 4021 1334 4094 ipsum
1371 4036 1544 4077 mare
1566 4022 2047 4093 septentrionale
2086 4023 2161 4079 ad
2191 4021 2453 4095 plurima
2490 4018 2677 4077 stadia

411 4095 752 4168 frigoribus
805 4094 1273 4166 conglaciarent
1326 4102 1386 4152 et
1441 4096 1663 4150 fretum
1705 4093 2095 4166 Cpolitanum
2153 4104 2216 4153 et
2254 4112 2376 4168 quo
2418 4090 2676 4151 exurbe

354 4167 835 4242 2Clirysopoliin
865 4168 1161 4224 traicitur.
1238 4168 1517 4240 Cumque
1555 4168 1663 4222 nix
1703 4168 1765 4223 in
1806 4169 2070 4240 glaciem
2122 4170 2444 4226 cecidisset
2489 4177 2675 4235 caque

409 4242 556 4314 gclu
597 4242 856 4298 densata
896 4246 958 4297 et
995 4243 1056 4296 in
1096 4240 1368 4313 glaciem.
1399 4242 1535 4314 ipsa
1575 4255 1826 4312 quoque
1853 4258 2156 4298 conversa
2197 4247 2372 4311 essct,
2413 4239 2674 4296 homines

410 4320 471 4371 et
510 4317 735 4372 fretum
775 4313 1164 4387 Cpolitnnum
1223 4320 1284 4371 ct
1324 4314 1557 4386 Chryso
1584 4314 1765 4370 ioliin·
1802 4330 2001 4385 usque
2043 4316 2305 4387 pedibus
2343 4310 2675 4394 transibant

409 4392 472 4445 et
508 4388 773 4444 sarcinis
825 4392 1049 4443 onusta
1104 4388 1379 4444 iumenta
1438 4393 1499 4444 ct
1601 4402 1750 4445 oves
1790 4387 2065 4459 plaustra
2127 4388 2338 4460 magni
2397 4383 2673 4459 ponderis

260 4461 315 4525 8.
351 4461 738 4540 4trahcnte8.
814 4459 984 4518 Ideni
1008 4464 1155 4517 tunc
1193 4466 1253 4519 et
1291 4461 1355 4519 in
1396 4461 1617 4520 ceteris
1656 4460 1930 4519 maribus
1951 4460 2250 4520 accidisse
2288 4463 2502 4519 fertur.
2540 4455 2675 4512 Post
