2870 4966
383 355 493 422 824
944 353 1221 422 zoNAn.
1259 355 1461 421 ΕΡῙΤ.
1498 352 1610 422 XV
1648 354 1736 436 19,
1772 352 2007 434 28-20,
2044 353 2098 420 2.

383 549 484 617 ἵνα
527 545 622 636 μὴ
671 546 1098 636 διαγνωσθείη
1145 548 1244 615 ὢν
1286 545 1609 636 βασιλεύς·
1658 552 2004 635 συμπαρῆν
2050 538 2125 616 δέ
2170 547 2233 613 ol
2274 545 2385 616 καὶ
2429 548 2469 617 ό
2499 548 2654 620 Θεό.

293 656 367 716 29
386 652 589 726 δοτος.
685 651 725 720 ό
771 651 845 720 δὲ
885 649 1178 741 μοναχὸς
1223 653 1483 740 ἐκεῖνος,
1551 651 1654 719 οἷα
1713 652 1922 739 δῆθεν
1969 651 2377 740 προμυηθεὶς
2431 655 2503 723 ἔκ
2546 664 2657 726 τοῦ

381 758 745 844 πνεύματος
803 756 876 826 τδ
930 756 1383 844 πλαττόμενον,
1448 757 1543 831 ὡς
1596 746 1857 844 βασιλέα
1911 763 2215 843 προσεῖπε
2263 756 2373 825 τὸν
2416 759 2657 830 Λέοντα

382 861 503 951 καὶἱ
534 860 674 950 “μὴ
722 861 963 949 κρύπτε
1008 886 1127 929 σου
1141 862 1184 888 ”
1228 862 1391 950 φησί
1428 861 1548 929 “τδ
1594 862 1849 950 ἀξίωμα
1895 857 2052 950 μηδ’
2089 862 2336 930 ἀπατᾶν
2372 864 2522 931 θέλε
2549 866 2659 954 τὴν

291 973 367 1031 30
385 969 577 1055 ἡμῶν
642 966 1088 1055 οὗθενότητα.’
1145 968 1278 1034 ἴσθι
1334 968 1404 1035 δὲ
1456 965 1551 1054 μὴ
1607 967 1752 1053 περὶ
1803 965 1875 1034 τὸ
1922 968 2117 1054 σέβας
2160 966 2388 1053 ὀρθῶς
2434 970 2655 1040 διακεί.
2674 982 2707 1042 5

382 1097 599 1159 μενος,
649 1071 784 1140 ἀλλ’
817 1072 1113 1157 ἄντικρυς
1153 1072 1640 1158 εἷδωλολατρῶν
1684 1071 1794 1139 καὶ
1840 1070 2033 1145 αὐτὸς
2076 1069 2187 1138 καὶ
2232 1072 2403 1139 ἅπαν
2448 1097 2546 1141 σοι
2588 1076 2658 1144 τὸ

202 1183 256 1242 Β
291 1184 361 1243 31
384 1177 701 1266 ὑπήκοον.
794 1177 854 1243 εἶ
890 1176 1019 1262 μὲν
1059 1175 1176 1245 οὖν
1220 1179 1644 1265 περιαιρήσεις
1687 1174 1763 1243 τὰ
1811 1175 2044 1244 εἴδωλα
2100 1182 2232 1244 τῶν
2288 1176 2654 1270 ἐκκλησιῶν,

385 1284 557 1368 ἔσται
604 1306 704 1349 σοι
749 1281 859 1349 καὶ
904 1282 945 1368 ἦ
995 1281 1135 1371 ζωὴ
1183 1282 1292 1350 καὶ
1338 1284 1378 1371 ἡ
1426 1282 1707 1371 βασιλεία
1753 1281 2063 1369 πολυετής
2107 1307 2173 1348 τε
2216 1280 2327 1349 καὶ
2371 1283 2654 1373 εὐτυχής·

383 1389 442 1454 εἷ
484 1388 554 1455 δὲ
598 1387 690 1475 μὴ
742 1393 949 1465 τοῦτο,
1019 1383 1152 1455 ἀλλ’
1202 1389 1409 1466 ἔλπιζε
1454 1394 1707 1475 ταχεῖαν
1751 1386 1865 1476 τὴν
1912 1389 2199 1476 στέρησιν
2241 1388 2352 1455 καὶ
2397 1390 2654 1479 ἀμφοῖν,

291 1501 365 1560 32
381 1492 491 1560 καὶ
535 1492 704 1581 πρὸς
748 1493 941 1581 ταύτῃ
991 1517 1061 1560 σε
1106 1494 1397 1567 κολάσεις
1458 1495 1704 1561 αἷώνιοι
1764 1493 2217 1570 διαδέξονται.”
2305 1492 2415 1561 καὶ
2460 1495 2499 1561 δ
2540 1496 2656 1582 μὲν
2674 1508 2736 1566 10

382 1600 596 1686 εἴρηκε
640 1604 833 1666 ταῦτα
852 1617 866 1633 ·
960 1598 999 1665 ό
1047 1597 1117 1666 δὲ
1162 1598 1357 1666 Λέων
1413 1599 1764 1685 θαυμάσας
1817 1597 1927 1665 τὸν
1968 1597 2261 1686 μοναχὸν
2303 1606 2416 1687 τῆς
2462 1600 2655 1688 δῆθεν

380 1704 818 1791 προγνώσεως
867 1702 1047 1791 (οὐδὲ
1093 1704 1217 1792 γὰρ
1264 1707 1430 1791 ἔγνω
1476 1711 1590 1771 τοῦ
1646 1703 1970 1772 Θεοδότου
2015 1703 2088 1772 τὸ
2141 1703 2475 1792 τύρευμα),
2521 1707 2654 1794 ἥλω

381 1815 512 1883 τοῖς
557 1809 802 1876 ἐκείνου
849 1808 1061 1895 λόγοις
1107 1809 1214 1876 καὶ
1260 1809 1424 1877 κατὰ
1466 1815 1608 1876 τῶν.
1626 1809 1831 1901 θείων
1862 1810 2345 1896 ἔκτυπωμιάτων
2375 1810 2653 1897 σφοδρό-

382 1939 534 1982 τατα
583 1916 862 1992 ἔπνευσε,
911 1914 1178 2003 δόγματι
1222 1915 1472 1982 τούτων
1515 1909 1838 1982 πάντοθεν
1881 1915 2257 2002 καθαίρεσιν
2290 1938 2651 2003 καταψηφι-

290 2030 365 2088 33
383 2021 678 2109 σάμενος.
773 2020 966 2107 ἤθελε
1008 2022 1223 2108 μέντοι
1278 2021 1388 2087 καὶ
1448 2018 1558 2087 τὸν
1610 2021 2008 2108 πατριάρχην
2062 2022 2225 2108 ἔχειν
2277 2019 2651 2107 ὁμόψηφον·
2671 2033 2732 2093 15

316 2127 421 2196 Οὖ
469 2127 540 2194 δὲ
584 2126 693 2194 καὶ
740 2126 1061 2215 ἀντέλεγεν
1107 2127 1390 2215 ἰσχυρῶς
1437 2126 1546 2195 καὶ
1592 2126 1817 2215 ἀσεβὲς
1864 2126 2158 2214 ἔξήλεγχε
2201 2124 2274 2194 τὸ
2312 2125 2520 2214 δόγμα
2551 2126 2654 2194 καὶ

381 2231 592 2321 λόγοις
636 2232 745 2301 καὶ
794 2231 1189 2321 γράμμασιν·
1241 2233 1280 2300 ό
1326 2232 1653 2308 θειότατος
1700 2229 1888 2307 οὗτος
1934 2230 2014 2320 ἦν
2061 2231 2465 2321 Νικηφόρος.
2553 2230 2652 2306 4διὸ
2671 2237 2717 2298 D
2736 2228 2847 2301 ‘111³

139 2359 178 2396 -’
288 2346 363 2407 34
379 2338 489 2408 καὶ
535 2339 883 2428 ὑπερορίαν
929 2339 1127 2407 αὖτοῢ
1172 2339 1554 2429 κατακρίνει.
1648 2339 1884 2427 λέγεται
1933 2337 2002 2407 δὲ
2038 2339 2513 2428 προαισθέσθαι
2542 2343 2651 2407 τοῢ

379 2445 659 2522 Λέοντος
713 2444 786 2514 τὸ
840 2443 1252 2533 κακότροπον
1305 2445 1343 2512 ὁ
1390 2446 1684 2535 ἀοίδιμος
1727 2444 2115 2534 Νικηφόρος
2168 2443 2280 2515 καὶ,
2313 2443 2433 2534 ’ὡς
2490 2445 2651 2513 ἔσται

384 2646 451 2704 17
487 2648 566 2704 ὅτι
602 2645 934 2719 ἀντιλέγοντα
971 2643 1119 2718 αὐτῷ
1154 2646 1278 2719 περὶ
1316 2653 1425 2704 τῶν
1462 2646 1631 2720 ἁγίων
1656 2647 1887 2704 εἰκόνων
1912 2645 2002 2704 τὸν
2037 2646 2191 2703 θεῖον
2214 2646 2544 2719 Νικηφόρον
2566 2644 2652 2701 τὸν

377 2720 712 2793 πατριάρχην
750 2721 1052 2792 (πατρίκιον
1090 2720 1160 2789 Ε)
1197 2721 1455 2792 ἐξώρισεν
1491 2720 1590 2779 ΟΕ
2123 2732 2127 2737 ’
2435 2772 2437 2776 ,

491 2903 528 2960 3
564 2909 659 2959 τοῦ
694 2903 1054 2974 πλαττομένου
1093 2902 1199 2965 Dw
1406 2904 1443 2961 8
1478 2926 1533 2960 τε
1570 2903 1662 2961 καὶ
1698 2903 1927 2977 εὐτυχής
1965 2920 2080 2960 om.
2119 2902 2168 2958 B
2376 2902 2412 2959 9
2448 2902 2651 2973 ταχείαν

491 2976 696 3049 Apr
776 3040 780 3045 ,
825 2980 1070 3048 στέρησιν
1107 2976 1233 3048 ΑΕ,
1272 2978 1541 3035 ἔκπτωσιν
1579 2977 1729 3071 pr
1860 2979 1929 3034 12
1965 2975 2112 3049 οὐδὲ]
2151 2976 2218 3034 οὖ
2257 2975 2313 3032 D
2426 2975 2491 3033 17
2525 2974 2650 3046 πρά·

485 3071 679 3122 γμασιν
716 3049 772 3105 D
836 3110 840 3115 ,
933 3052 1001 3107 18
1037 3052 1295 3124 ὑπερορίᾳ
1334 3051 1484 3124 pr
1649 3058 1815 3107 αυτοῦ
1852 3067 1969 3108 om.
2009 3050 2158 3142 pr
2325 3055 2463 3122 post
2498 3069 2648 3104 κατα·

485 3125 655 3194 κρίνει
683 3123 824 3181 add.
851 3122 943 3179 τὸν
968 3124 1181 3181 δίκαιον
1208 3125 1358 3198 pr
1471 3124 1541 3181 19
1577 3123 1636 3180 τὸ
1672 3122 2036 3197 κακότροπον]
2076 3144 2138 3181 τα
2163 3124 2441 3190 κακόδοξα
2467 3122 2576 3194 ἤθη
2603 3119 2647 3176 Ε

493 3197 598 3254 Wo
636 3196 738 3254 lat.
885 3198 977 3253 καὶ
1016 3213 1131 3254 om.
1173 3196 1322 3271 pr

282 3373 454 3434 29ηο
494 3379 957 3448 agnosceretur,
997 3373 1320 3433 Theodoto
1368 3376 1716 3433 comitante.
1790 3373 1871 3434 At
1916 3374 2018 3433 ille
2060 3373 2418 3444 monachus,
2467 3376 2538 3430 ut
2571 3371 2646 3428 ab

372 3447 474 3507 illo
513 3449 732 3542 spiritu
772 3448 850 3506 de
900 3455 1244 3506 commento
1291 3448 1583 3520 imbutus,
1638 3447 1912 3506 Leonem
1959 3464 2072 3523 pro
2123 3463 2275 3577 refe
2324 3448 2550 3505 salutat
2591 3448 2647 3502 et

370 3520 539 3579 “Ne'
595 3522 795 3595 inquit
830 3522 1262 3579 “maiestatem
1304 3527 1474 3579 tuam
1514 3522 1811 3580 celaveris
1850 3538 1925 3579 ac
1962 3521 2090 3579 noli
2131 3523 2194 3578 fa
2219 3522 2345 3578 lere
2382 3523 2647 3577 nostram

279 3594 686 3652 80vilitatem.
755 3593 878 3653 Sed
925 3595 1078 3652 scito
1131 3601 1191 3652 te
1239 3594 1316 3651 de
1364 3596 1666 3667 religione
1713 3611 2038 3669 perperam
2085 3595 2315 3652 sentire
2361 3597 2422 3650 et
2471 3592 2646 3664 piane

373 3668 840 3724 simulacrorum
882 3668 1179 3725 cultorem
1221 3683 1355 3725 esse
1395 3672 1458 3725 et
1496 3675 1556 3726 te
1597 3672 1659 3725 ct
1697 3684 1909 3725 omnes
1947 3683 2071 3740 eos,
2122 3668 2228 3740 qui
2267 3668 2377 3723 tibi
2416 3667 2645 3738 parent.

277 3739 348 3798 31
372 3739 603 3807 Quodsi
647 3756 725 3806 ex
766 3741 1040 3798 ecclesiis
1079 3741 1406 3798 simulacra
1445 3741 1781 3813 sustuleriS‚
1839 3748 1900 3798 et
1947 3741 2076 3798 vita
2123 3746 2184 3797 et
2234 3754 2498 3812 regnum
2541 3734 2645 3792 tibi

370 3813 731 3870 diuturnum
771 3815 888 3871 erit
927 3818 988 3870 et
1015 3815 1428 3885 fortunatu1n3
1467 3817 1560 3871 sin
1588 3815 1809 3883 minus,
1848 3816 2090 3871 scitote
2116 3814 2293 3870 brevi
2321 3816 2644 3881 utrumque

278 3885 350 3942 32
371 3887 737 3943 amissurum
785 3903 859 3943 ac
897 3892 1224 3959 praeterea
1263 3893 1518 3946 aeterna
1557 3888 1859 3960 supplicia
1898 3885 2303 3944 subiturum.”
2373 3884 2485 3941 His
2521 3882 2642 3938 Leo

368 3959 596 4015 auditis
653 3961 911 4016 miratus
968 3960 1337 4016 monachum
1404 3961 1484 4017 ob
1549 3960 2032 4032 praedictionem
2095 3962 2328 4032 utique,
2394 3959 2643 4030 ignarus

371 4032 841 4088 machinationis
880 4031 1201 4104 Theodoti,
1260 4033 1467 4090 verbis
1505 4033 1664 4089 illius
1705 4040 1924 4106 captus
1962 4040 2055 4090 est
2092 4042 2155 4089 et
2193 4036 2408 4089 contra
2451 4042 2642 4086 sacro·

366 4110 613 4161 sanctas
638 4105 941 4177 imagines
968 4106 1502 4168 vehementissime
1540 4106 1761 4163 saeviit
1798 4122 2029 4179 easque
2057 4121 2268 4163 omnes
2294 4105 2422 4160 tolli
2449 4101 2640 4159 edicto

274 4177 347 4234 33
367 4178 559 4233 iussit.
625 4177 773 4234 Cum
803 4183 1009 4235 autem
1037 4177 1450 4250 Nicephorum
1481 4194 1729 4251 quoque
1758 4180 2170 4251 patriarcham
2199 4176 2640 4235 sanctissimum

367 4252 429 4306 in
469 4266 644 4306 suam
685 4252 1053 4308 seutentiam
1098 4252 1281 4308 vellet
1320 4252 1695 4324 pertrahere,
1735 4252 1834 4308 illo
1863 4268 2011 4308 vero
2040 4252 2263 4308 acriter
2290 4250 2640 4306 adversare·

366 4327 468 4378 tur
525 4323 782 4395 eiusque
840 4324 1108 4380 edictum
1162 4331 1223 4380 et
1272 4326 1553 4381 oratione
1591 4330 1653 4380 et
1690 4325 1933 4396 scriptis
1970 4325 2300 4396 impietatis
2337 4324 2639 4392 argueret,

272 4394 565 4452 &lvii-uun
627 4397 792 4453 illum
844 4397 1100 4468 relegat.
1196 4399 1312 4463 Qui
1370 4397 1619 4468 quidem
1679 4397 2132 4468 improbitatem
2190 4395 2416 4452 Leonis
2473 4403 2640 4464 prae·

364 4469 629 4526 senisisso
690 4470 888 4526 fertur
943 4483 1210 4543 eumque
1265 4469 1625 4526 orthodoxis
1678 4470 2003 4526 offensioni
2054 4471 2188 4526 soro
2238 4474 2300 4525 et
2350 4463 2640 4524 ecclesiae
