2870 4966
719 282 1199 351 cornommo
1237 281 1626 351 svccssnrr
1661 280 1817 344 LEO
1851 279 1951 342 1v.
2260 271 2265 277 ’
2355 283 2465 349 288

213 475 541 567 Χαζάρας,
605 479 821 545 νοσῶν
882 471 998 564 τὴν
1060 472 1258 565 αὐτὴν
1319 475 1616 555 κάκεῖνος
1671 462 2015 567 ἀσέβειαν,Ι
2049 476 2110 548 εί
2156 473 2269 548 καὶ
2321 472 2462 548 κατ’

213 582 410 676 ἀρχὰς
452 581 733 671 εὐσεβεῖν
776 579 1146 669 ὑπεκρίνετο
1190 579 1300 652 καὶ
1344 581 1494 659 τοὺς
1535 582 1866 673 μοναχοὺς
1907 587 2109 674 τιμᾶν,
2154 583 2319 654 ὥστε
2355 581 2471 656 καί

209 715 370 768 τινας
412 693 545 758 τῶν
586 692 932 778 μοναστῶν
988 687 1298 777 ἀρχιερεῖς
1351 688 1491 758 τότε
1543 690 1836 777 γενέσθαι
1895 691 1964 760 ἐν
2018 696 2163 769 ταῖς·
2212 691 2462 782 προβα-
2586 783 2590 786 ᾖ

39 813 195 877 illm
210 794 591 888 θμιωτέραις
633 799 766 863 τῶν
808 793 1287 882 μητροπόλεων.
1377 794 1580 865 πολλὰ
1630 795 1700 864 δὲ
1744 796 2040 885 χρήματα
2086 797 2155 866 ἐν
2189 803 2319 880 τοῖς
2349 797 2462 888 ὁη-
2479 796 2520 859 2

162 920 195 983 ο
208 902 448 996 μοσίοις
502 899 718 988 εὑρὼν
769 901 1146 990 θησαυροῖς,
1211 903 1254 969 ἃ
1301 901 1340 968 ὅ
1384 901 1595 989 πατὴρ
1641 902 1838 970 αὑτοῦ
1883 908 2110 980 κακῶς
2153 903 2466 991 συνήγαγε

209 1007 312 1081 καὶ
377 1005 875 1095 ἀπεθησαύρισε,
950 1005 1195 1081 τούτοις
1261 1030 1422 1075 κατα
1425 1008 1827 1096 χρησάμενος
1894 1008 2328 1098 ἐξευμενίσατο
2393 1006 2467 1076 τὸ

209 1116 495 1206 ὑπήκοον
558 1110 667 1181 καὶ
728 1118 804 1201 τῇ
869 1111 1229 1198 ἐπιπλάστῳ
1292 1113 1643 1201 θεοσεβείᾳ.
1735 1114 2188 1201 ἀθροισθέντες
2244 1112 2362 1183 οὖν
2406 1112 2522 1182 018
2556 1110 2684 1175 ΡΠ
2695 1108 2833 1174 11ss

209 1229 313 1312 τῆς
355 1219 609 1294 πόλεως
653 1218 782 1288 κάκ
827 1222 958 1286 τῶν
1003 1218 1311 1306 θεμάτων
1355 1217 1579 1288 πολλοὶ
1619 1220 1886 1309 ᾐτοῦντο
1916 1221 2321 1312 χαριζόμενοι
2352 1221 2465 1313 δῆ-
2485 1216 2766 1282 ΨῙΠθῧ

209 1331 322 1399 θεν
365 1328 545 1415 αὐτῷ
589 1325 1104 1415 ἀναγορευθῆναι
1148 1325 1260 1395 τὸν
1303 1324 1445 1395 υίὸν
1486 1327 1683 1395 αὐτοῦ
1717 1319 2213 1397 Κωνσταντῒνον.
2303 1326 2343 1396 ὅ
2374 1327 2464 1417 δέ,
2482 1321 2522 1386 4

135 1448 196 1508 10
209 1437 267 1505 εί
308 1440 495 1502 τοῦτο
547 1431 904 1521 βούλονται,
972 1430 1206 1520 ὀμόσαι
1262 1430 1494 1508 αὐτοὺς
1548 1430 1865 1522 ἀπῄτησεν
1917 1433 2013 1510 ὥς
2058 1433 2138 1503 οὒ
2186 1433 2473 1513 δέξονταί

209 1566 354 1610 ποτε
398 1540 546 1625 ἄτερ
593 1538 791 1605 αὐτοῦ
837 1537 947 1604 καὶ
991 1543 1105 1604 τοῦ
1151 1538 1297 1606 υίοῦ
1343 1538 1541 1607 αὐτοῦ
1581 1537 1832 1608 καὶτοῦ
1864 1540 2224 1629 σπέρματος
2253 1540 2468 1609 αὐτῶν
2582 1561 2587 1565 ·
2684 1566 2687 1571 “

209 1649 415 1732 ἕτερον
458 1642 742 1732 βασιλέα.
833 1642 943 1710 καὶ
1001 1644 1273 1731 ὤμοσαν
1328 1644 1617 1729 ἅπαντες,
1684 1644 1807 1730 οὐχ
1852 1644 1916 1710 οἱ
1958 1650 2069 1732 τῆς
2114 1644 2465 1732 συγκλήτου
2482 1641 2521 1704 5

208 1752 440 1840 βουλῆς
484 1748 594 1817 καὶ
641 1748 704 1814 οῖ
755 1753 869 1815 τοῦ
924 1749 1433 1835 στρατεύματος,.
1476 1747 1633 1815 ἀλλὰ
1680 1748 1789 1817 καὶ
1834 1749 1873 1816 ὅ
1920 1750 2233 1837 ὸημώὸης
2278 1749 2468 1837 ὄχλος

209 1856 312 1925 καὶ
341 1857 613 1943 ἔμποροι
643 1841 752 1921 καὶ
785 1857 853 1920 οἳ
873 1860 1004 1921 τῶν
1036 1854 1469 1941 ἐργαστηρίων
1497 1856 1988 1942 προεστήκεσαν,
2030 1855 2139 1923 καὶ
2178 1858 2466 1943 ἔγγραφα

136 1973 193 2031 15
208 1960 345 2047 περὶ
387 1960 634 2027 τούτων
679 1960 992 2036 ἐξέθεντο.
1084 1964 1278 2025 ταῦτα
1321 1960 1444 2046 μὲν
1489 1958 1607 2026 οὖν
1651 1959 1812 2027 κατὰ
1858 1959 1972 2047 τὴν
2007 1962 2194 2048 ἕκτην
2223 1960 2522 2048 ἡμέρανθ

207 2074 314 2155 τῆς
353 2051 722 2153 ἑβδομάδος
773 2070 886 2131 τοῦ
946 2066 1265 2152 σωτηρίου
1322 2066 1583 2139 πάθους
1637 2072 1751 2133 τοῦ
1807 2073 2097 2153 σωτῆρος
2160 2067 2463 2152 γεγόνασι.

208 2181 297 2258 τῷ
342 2172 412 2238 ὀὲ
454 2170 720 2258 μεγάλῳ
767 2168 1075 2256 σαββάτῳ
1118 2168 1229 2236 τὸν
1275 2171 1506 2236 ἑαυτοῦ
1544 2168 1826 2256 άόελφὸν
1855 2169 2231 2257 Εὐὸόκιμον
2259 2171 2462 2258 νωβε-
2483 2170 2521 2230 7

209 2278 444 2364 λίσιμον
489 2275 528 2341 ὀ
573 2272 866 2362 βασιλεὺς
908 2274 1297 2361 προεβάλετο
1342 2274 1453 2341 καὶ
1497 2273 1636 2342 κατ’
1685 2274 1883 2362 αὐτὴν
1909 2274 2040 2362 ’τὴν
2083 2282 2196 2343 τοῦ
2247 2276 2462 2362 πάσχα
2480 2273 2533 2334 Β

209 2378 516 2469 κυριακὴν
561 2380 784 2466 ἔστεψε
828 2378 938 2447 τὸν
983 2379 1123 2448 υἱὸν
1161 2380 1380 2466 αὑτοῦ,
1427 2386 1542 2447 τοῦ
1572 2380 1967 2469 πατριάρχου
1997 2380 2110 2470 τὴν
2139 2376 2276 2448 κατ’
2311 2382 2467 2457 ἔθος

315 2594 342 2651 1
385 2598 521 2667 post
602 2594 802 2665 αζάρας
850 2592 989 2650 add.
1038 2615 1093 2651 τε
1131 2593 1247 2657 θεὶς
1284 2590 1467 2668 OpDi
1521 2594 1791 2660 (videtur
1828 2594 2020 2667 igitur
2057 2592 2113 2651 h.
2152 2594 2189 2652 l.
2227 2592 2469 2651 Ducan-

313 2668 552 2748 gius‘co
600 2668 754 2723 icem
817 2616 1450 2724 uendamff'arisinum
1472 2668 1853 2744 inspexisse),
1894 2684 1951 2724 v.
1972 2664 2043 2725 G.
2063 2665 2140 2724 M.
2160 2684 2217 2739 p.
2236 2666 2360 2738 658,
2379 2665 2466 2738 26,

311 2740 380 2798 L.
418 2739 489 2797 G.
530 2756 588 2814 p.
630 2739 749 2808 190,
1003 2740 1039 2797 2
1076 2741 1155 2802 ὡς
1192 2740 1241 2797 Ο
1429 2740 1467 2798 3
1502 2761 1644 2803 τινας
1682 2738 1937 2813 prDi‚
1976 2761 2088 2797 τινα
2125 2737 2181 2797 Α
2359 2746 2469 2796 τῶν

310 2820 590 2885 μοναστῶν
625 2811 848 2884 AEwp‚
886 2811 1063 2869 αὐτῶν
1100 2813 1150 2871 Ο
1330 2814 1367 2870 4
1401 2814 1612 2871 πόλεων
1650 2812 1723 2883 D,
1763 2829 1917 2870 corr.
1956 2812 2062 2873 Dw
2243 2812 2312 2869 10
2344 2812 2469 2886 βοά·

234 2926 239 2930 «
311 2887 482 2943 λοιντο
519 2885 667 2958 Bwp
818 2885 881 2940 11
920 2907 1049 2942 ποτε
1088 2902 1202 2943 om.
1242 2884 1298 2942 D
1450 2886 1518 2943 13
1557 2891 1695 2959 post
1726 2886 2111 2958 στρατεύματος
2137 2884 2278 2942 add.
2301 2887 2469 2957 μόνον

316 2976 354 3032 p
393 2959 602 3016 invitis
634 2954 888 3014 ARwDi
941 3030 956 3052 t
1036 2958 1104 3015 14
1138 2958 1576 3051 προειστήκεισαν
1600 2958 1714 3030 ΒΟ,
1750 2959 2166 3053 προειστήκεσαν
2190 2957 2246 3015 D
2389 2958 2469 3030 ἔγ·

315 3052 524 3164 ἦρξφον
562 3030 644 3161 ῗῗ
682 3029 846 3161 αὖτιοὸῦ
864 3052 1054 3159 τὸυωυ
1091 3031 1695 3178 ἓωβελλῗᾶμῖἱῃὶὶξφ,
1733 3032 2126 3177 νᾜβξῖῗέσᾳῗὶῃν.
2148 3031 2252 3172 Βέ,
2271 3030 2469 3161 Βῐιτῖρεέί

314 3176 423 3233 XV
459 3177 510 3247 8,
547 3176 582 3233 2
732 3178 800 3233 18
834 3176 1079 3248 βασιλεὺς
1117 3177 1339 3250 AEwp,
1376 3178 1515 3234 λέων
1556 3178 1605 3235 Ο
1757 3199 1891 3249 προε
1929 3178 2110 3233 άλλετο
2148 3175 2270 3246 ΑΕ,
2306 3196 2470 3245 πρου·

312 3250 500 3324 βάλετο
539 3247 606 3321 Ο,
642 3249 967 3323 προεβάλετο
1003 3247 1106 3321 Di,
1147 3266 1206 3307 v.
1244 3248 1326 3307 ad
1363 3249 1506 3308 XIV
1547 3250 1693 3321 1155
1731 3256 1792 3307 et
1829 3249 1881 3306 T
1925 3250 2100 3323 soph.
2139 3249 2168 3306 1
2206 3265 2262 3323 p.
2288 3248 2467 3320 450,1

213 3442 537 3515 impietatis
575 3444 790 3502 morbo
829 3445 1136 3514 laborans,
1176 3447 1292 3503 etsi
1330 3446 1632 3518 principio
1662 3445 2021 3515 relig-ionem
2060 3447 2123 3501 et
2142 3445 2470 3501 observan-

213 3515 354 3572 tiam
392 3532 545 3589 erga
575 3518 911 3575 monachos
932 3518 1277 3587 simulabat,
1315 3533 1577 3590 quorum
1599 3518 1927 3575 nonnullos
1952 3519 2012 3574 in
2041 3516 2469 3573 illustrioribus

214 3588 466 3644 urbibus
505 3590 585 3646 ad
606 3591 999 3662 pontificatus
1019 3590 1340 3647 evehebat.
1416 3590 1568 3647 Cum
1608 3596 1811 3646 autem
1833 3605 2122 3661 magnam
2146 3580 2523 3661 pecuniam2

211 3659 271 3715 in
309 3662 568 3731 publicis
624 3663 928 3720 thesauris
984 3664 1371 3735 repperisset,
1429 3678 1614 3735 quam
1654 3668 1831 3734 pater
1868 3664 2000 3718 eius
2038 3678 2149 3734 per
2184 3661 2469 3717 iniuriam

213 3739 500 3803 coegerat
537 3751 612 3792 ae
651 3741 1070 3805 coacervarat,
1130 3751 1205 3791 ea
1245 3744 1306 3792 et
1344 3738 1487 3791 flcta
1526 3735 1824 3806 religione
1862 3734 1941 3790 ad
1980 3734 2287 3789 subiectos
2311 3747 2468 3799 ¹cond-

212 3804 501 3864 ciliandos
545 3813 639 3865 est
677 3809 927 3865 abusus.
1002 3807 1202 3879 Igitur
1240 3809 1408 3864 cives
1465 3812 1526 3864 et
1564 3823 1599 3865 e
1639 3807 1971 3880 provinciis
2007 3806 2178 3862 inulti
2218 3796 2525 3875 congre-8

210 3877 334 3945 gati
386 3879 448 3935 in
496 3879 657 3937 illius
694 3882 910 3952 utique
948 3880 1212 3950 gratiam
1254 3879 1665 3951 postulabant,
1704 3885 1773 3936 ut
1811 3879 1970 3936 lilius
2008 3879 2140 3935 eius
2180 3876 2470 3935 Constan-

212 3948 368 4005 tinus
418 3966 528 4007 rex
581 3953 1013 4026 appellaretur.
1087 3949 1167 4008 At
1219 3952 1334 4022 ille,
1388 3954 1437 4009 sl
1491 3952 1552 4009 id
1586 3950 1835 4021 vellent,
1888 3951 1967 4007 ab
2020 3950 2093 4006 ils
2144 3949 2334 4021 petiit,
2391 3940 2526 4007 ns4

211 4034 385 4089 quem
425 4024 609 4081 alium
649 4025 765 4081 nisi
814 4041 882 4080 se
929 4028 991 4080 et
1046 4024 1232 4080 fllium
1291 4040 1470 4081 suum
1516 4039 1815 4096 suamque
1857 4022 2215 4095 progeniem
2261 4022 2325 4078 in
2381 4034 2466 4078 re·

210 4106 394 4160 gnum
417 4110 690 4168 unquam
713 4097 1124 4153 admitterent.
1175 4096 1467 4153 iurarunt
1492 4112 1720 4163 onmes,
1746 4111 1868 4151 non
1891 4099 2207 4151 senatores
2233 4097 2468 4150 tantum
2488 4086 2548 4145 ὖ·

210 4166 268 4218 et
307 4167 542 4240 milites,
592 4169 703 4226 sed
742 4175 803 4225 et
841 4169 1085 4241 plebeia
1142 4170 1324 4225 turba
1364 4175 1426 4225 et
1467 4173 1839 4224 mercatores
1896 4172 1955 4222 et
1996 4166 2246 4238 opifices
2284 4171 2472 4236 atque

210 4233 320 4292 hoc
356 4240 784 4298 iusiurandum
824 4243 886 4298 in
916 4241 1192 4313 publicas
1229 4241 1461 4297 litteras
1488 4240 1872 4297 rettulerunt.
1945 4237 2118 4294 Haec
2155 4242 2332 4295 sexto
2371 4232 2526 4294 dieo

211 4305 604 4370 hebdomadis
624 4315 912 4371 salutaris
936 4314 1236 4386 passionis
1256 4314 1591 4370 servatoris
1629 4312 1820 4368 nostri
1859 4315 1998 4367 acta
2036 4315 2196 4367 sunt.
2243 4305 2526 4380 Magno?

100 4421 103 4422 ν
209 4380 462 4444 sabbato
501 4389 756 4446 fratrem
812 4402 991 4446 suum
1029 4386 1432 4445 Eudocimum
1472 4385 1912 4443 nobilissimum
1968 4399 2080 4442 rex
2120 4381 2472 4458 designavit
