2870 4966
422 292 544 354 XII
1379 292 1712 357 Praefatio.

416 476 729 547 Oomncni
776 475 1176 566 pudicitiam,
1223 483 1317 564 ut,
1372 497 1520 546 eum
1571 497 1844 567 peregre
1889 465 1958 546 in
2001 478 2292 547 morbum
2339 475 2675 548 incidisset

419 594 487 656 ct
537 608 578 657 a
622 584 893 657 medicis
940 585 1265 673 iuberetur
1297 585 1765 656 consuetudine
1804 587 2088 656 mulieris
2118 587 2409 656 morbum
2439 587 2683 672 levare,

420 701 772 782 recusaret,
838 715 920 764 ne
982 715 1128 764 cum
1177 695 1311 765 ulla
1357 702 1619 785 praeter
1666 717 1931 765 uxorem
1978 716 2158 764 suam
2206 716 2340 764 rem
2391 694 2680 766 haberet.

420 805 715 892 Denique
763 804 993 874 iisdem
1045 805 1378 875 blanditiis
1422 807 1811 892 -vcrnilibus,
1884 827 1965 873 ne
2022 805 2236 874 dicam
2283 805 2683 894 Byzantinis,

418 914 666 983 factum
714 921 834 1001 cst,
899 921 971 982 ut
1029 914 1095 983 in
1145 914 1397 983 (luobus
1444 916 1627 985 libris
1673 915 2137 984 recentioribus
2184 914 2551 984 adiceretur
2598 914 2684 984 ad

419 1024 649 1093 XVIII
695 1024 827 1110 (3,8
891 1024 1663 1110 Ioannem-Commium,
1722 1024 1938 1094 Alexii
1986 1024 2207 1111 filium,
2279 1023 2460 1093 cuius
2522 1029 2681 1092 tcm-

361 1213 365 1223 .
415 1133 681 1222 poribus
711 1134 1004 1204 Zonarae
1040 1134 1184 1202 libri
1227 1135 1526 1203 videntur
1558 1134 1759 1203 fuisse
1807 1132 1964 1202 editi
2014 1141 2079 1202 et
2127 1133 2430 1219 lectitati,
2478 1134 2678 1202 multo

416 1242 843 1310 liberaliorem
893 1243 1114 1326 fuisse,
1163 1258 1352 1328 quam
1403 1243 1854 1332 imperatorem
1894 1243 2213 1311 Isaacium
2256 1244 2684 1328 Conmenum3

417 1372 564 1418 nam
625 1349 853 1419 aedem
900 1351 969 1419 S.
1019 1350 1353 1436 Theclac,·
1390 1371 1583 1436 quam
1631 1352 1737 1419 hie
1784 1351 1988 1423 nimis
2021 1372 2217 1440 parce
2266 1350 2679 1437 condidisset,

417 1459 502 1527 ab
560 1458 671 1527 illo
726 1459 929 1527 multo
987 1460 1505 1544 magnificentius
1561 1459 1983 1527 instauratam
2043 1479 2185 1553 csse
2245 1460 2502 1528 nomine
2550 1479 2676 1528 ser·

420 1567 663 1638 vatoris
732 1567 931 1636 nostri
1007 1568 1153 1636 Iesu
1225 1566 1487 1638 Christi.
1592 1566 1843 1650 Quodsi
1914 1566 1999 1636 ad
2069 1566 2343 1654 gloriam
2416 1566 2683 1637 Comne-

420 1690 640 1744 norum
703 1673 1274 1765 amplificamlam¹
1338 1659 1629 1748 'Jonarae
1693 1676 1894 1746 verba
1952 1675 2256 1746 bilibris
2315 1675 2683 1746 recentiori-

419 1784 541 1855 bus
587 1785 826 1874 passhn
883 1782 1244 1876 depravata
1303 1791 1473 1872 suut,
1545 1806 1673 1855 non
1731 1784 2039 1855 miramur
2097 1784 2162 1854 in
2221 1782 2450 1854 iisdem
2509 1782 2682 1853 eodi-

422 1894 606 1963 eibus
671 1893 804 1964 alia
872 1893 1072 1963 multa
1138 1892 1585 1964 additamenta
1643 1893 1931 1983 reperiri,
2000 1913 2166 1981 quae
2226 1900 2337 1963 aut
2398 1913 2481 1964 ex
2536 1892 2681 1962 aliis

430 2002 851 2093 scriptoribus
910 2002 1212 2074 videntur
1268 2022 1410 2072 esso
1468 2001 1753 2073 hausta*
1822 2008 1937 2072 aut
1991 2023 2032 2072 a
2093 2001 2247 2071 viris
2304 1993 2516 2071 do'etis
2563 2001 2680 2070 Zo-

421 2133 620 2182 narae
668 2112 864 2182 libros
911 2110 1306 2182 retractandi
1356 2110 1844 2181 studiosissimis
1867 2114 1893 2156 ³
1935 2131 2146 2200 neque
2193 2114 2398 2180 rerum
2438 2111 2680 2200 Byzan·

420 2220 699 2290 tinarum
749 2222 1066 2311 imperitis
1113 2242 1255 2291 csse
1305 2223 1696 2309 excogitata.
1791 2223 2020 2308 Itaque
2066 2258 2156 2271 —-
2204 2220 2334 2289 duo
2395 2221 2564 2289 enim
2612 2221 2681 2288 li·

421 2337 568 2399 ecat
612 2331 845 2400 afferre
890 2332 1188 2422 exempla
1221 2369 1307 2380 —-
1341 2339 1404 2400 et
1440 2333 1504 2399 in
1551 2331 1755 2399 tribus
1789 2331 2123 2400 codicibus
2156 2326 2324 2399 BOE
2357 2330 2584 2398 XVIII
2616 2330 2679 2406 ὁ,

419 2441 464 2508 5
533 2440 784 2509 Pscllus
852 2439 1090 2508 dicitur
1149 2441 1364 2509 varias
1425 2449 1491 2509 et
1550 2439 1865 2509 absurdas
1929 2438 2408 2508 criminationes
2455 2447 2680 2508 contra

421 2549 802 2619 Miehafflem
852 2551 1246 2619 cerularium
1306 2549 1745 2639 patriarcham
1810 2567 2231 2619 coacervasse
2286 2557 2352 2617 et
2398 2548 2678 2637 scriptas

420 2659 485 2728 in
532 2658 886 2729 orationem
936 2659 1262 2747 quandam
1311 2667 1537 2728 contra
1574 2660 1752 2728 illum
1801 2659 2087 2728 habitam
2138 2659 2542 2744 congessisse
2586 2661 2674 2742 (v.

419 2791 565 2838 ann.
602 2770 742 2838 crit.
779 2768 866 2838 ad
903 2769 941 2837 1.
981 2771 1065 2853 e.)
1115 2763 1180 2838 ct
1227 2770 1292 2837 in
1340 2769 1479 2838 solo
1529 2768 1756 2837 codiee
1789 2770 1840 2838 C
1886 2768 2147 2836 additur
2195 2768 2423 2837 XVIII
2461 2767 2678 2854 16,35

419 2879 712 2946 πινάκιον
758 2879 956 2946 fuisse
1000 2878 1306 2947 medimni
1341 2877 1786 2963 quadrantem.
1880 2879 2040 2947 Cum
2089 2877 2286 2963 igitur
2332 2877 2453 2946 viri
2502 2876 2676 2943 docti

420 2985 762 3074 Byzantiui
814 2986 1104 3054 Zonarac
1174 2986 1386 3054 verbis
1447 2985 1578 3053 alia
1645 2985 1929 3070 adicere,
1997 2985 2127 3053 alia
2193 2984 2564 3072 decerpere·
2610 2984 2674 3050 in

352 3143 361 3153 .
418 3091 602 3161 libris
649 3091 1113 3161 recenlioribus
1160 3113 1285 3161 non
1335 3090 1796 3177 dubitrwcrint,
1869 3094 2094 3161 mirum
2143 3113 2270 3161 non
2318 3099 2434 3172 cst,
2506 3089 2675 3177 quod

596 3377 618 3421 ¹
656 3378 790 3440 Non
821 3378 1339 3453 praetereundum
1366 3385 1460 3442 est
1492 3378 1573 3437 ad
1599 3378 1751 3437 allos
1774 3379 1939 3451 locos
1967 3374 2239 3438 zonarae
2267 3379 2432 3438 vlros
2465 3378 2676 3460 doctos

415 3468 789 3544 Byzantinos
833 3476 1176 3542 annotasse,
1235 3486 1399 3528 nune
1438 3471 1619 3528 talem
1660 3486 1783 3528 non
1825 3485 1959 3528 esse
1993 3486 2196 3528 rerum
2235 3470 2672 3541 comilcionem,

419 3562 659 3634 qualem
696 3562 955 3634 scriptor
992 3566 1347 3634 exponeret,
1387 3561 1498 3618 sed
1537 3561 1727 3618 multo
1769 3561 2064 3634 peiorem3
2115 3578 2174 3618 v.
2211 3561 2292 3617 ad
2331 3560 2440 3619 XV
2478 3562 2564 3631 20,
2590 3560 2676 3633 21-Ᾰ.

446 3710 451 3718 ,
594 3649 620 3690 ²
659 3652 974 3724 Epitomae
1013 3651 1328 3709 Alexiadis
1369 3652 1854 3709 Hocsebclianae
1906 3668 1944 3709 a
1993 3651 2126 3709 viro
2177 3651 2445 3724 quodam
2498 3651 2674 3708 docto

418 3742 516 3799 vel
554 3744 759 3817 potius
796 3742 1042 3801 indocto
1082 3748 1292 3799 assuta
1336 3758 1471 3800 esse
1510 3743 1804 3816 pleraque
1830 3742 2103 3800 Zonarae
2145 3742 2334 3800 verba
2373 3742 2453 3799 ad
2478 3739 2676 3800 XVIII

417 3833 504 3906 22,
524 3835 559 3890 6
598 3834 934 3891 docuimus.
1010 3834 1341 3891 Praeterea
1381 3850 1439 3891 v,
1479 3833 1560 3890 ad
1598 3833 1737 3891 XVI
1775 3835 1827 3904 3,
1848 3833 1900 3891 2.

596 3922 621 3963 ⁸
658 3925 853 3992 Quam
905 3925 1234 3998 diligenter
1286 3925 1405 3982 viri
1457 3925 1620 3981 docti
1661 3925 1980 3998 Byzantini
2022 3925 2296 3982 zonarae
2345 3938 2545 3997 genus
2596 3923 2674 3978 di·
2722 3962 2726 3966 -

421 4017 598 4075 cendi
625 4018 1118 4075 examinaverint
1143 4021 1204 4074 et
1231 4017 1696 4089 explicaverint,
1737 4023 1995 4089 apparet
2021 4032 2053 4073 e
2058 4033 2096 4072 x
2125 4017 2218 4072 iis
2227 4032 2387 4088 quae
2413 4015 2675 4086 ascripta

419 4114 559 4167 sunt
598 4110 660 4166 in
702 4109 833 4166 cod.
877 4109 922 4167 E
961 4110 1039 4166 ad
1078 4109 1187 4167 XV
1229 4109 1314 4180 19,
1338 4110 1407 4170 17
1444 4108 1510 4165 οὗ
1546 4109 1742 4181 γράφει
1781 4108 1839 4164 τὸ
1882 4117 2098 4180 πανικῷ
2135 4107 2386 4180 ἀλλαχοῦ,
2442 4107 2505 4162 in
2543 4104 2694 4161 cod.'

418 4235 474 4296 A
510 4254 699 4296 mauu
738 4238 967 4311 mooun
1008 4237 1087 4295 aa
1125 4236 1299 4298 xvn
1336 4236 1422 4308 ιε),
1444 4237 1479 4293 ‘2
1516 4235 1582 4294 οὔ
1618 4236 1873 4310 γράφεται
1914 4235 1971 4293 ,ὁ
2007 4200 2109 4294 θὲρ
2144 4235 2244 4307 ·(=
2267 4234 2511 4312 ,φάη-ρος)
2546 4229 2675 4289 ἀλλὰ

418 4330 619 4403 ἅτερος,
657 4331 718 4387 in
747 4330 1063 4387 codicibus
1090 4328 1186 4388 ΟΕ
1213 4328 1291 4385 ad
1318 4326 1518 4385 XVIII
1558 4328 1646 4396 24,
1665 4328 1701 4384 4
1738 4327 1830 4384 καὶ
1856 4331 1994 4395 (om.
2015 4325 2102 4400 C.)
2138 4330 2362 4402 ὅρῶπαξ
2386 4326 2445 4383 τὸ
2478 4326 2675 4399 χρίσμα

419 4420 489 4481 δι’
525 4422 592 4480 οὗ
625 4424 857 4496 pacatae
906 4419 1167 4493 (μαὸεἴται
1209 4420 1278 4489 Ε)
1317 4419 1351 4494 ἡ
1389 4422 1654 4492 τρίχωσις.
