2870 4966
346 293 456 357 828
907 294 1185 358 zoNAR.
1224 295 1426 359 EPIT.
1465 295 1577 360 XV
1613 297 1702 373 90,
1744 294 1974 373 14-21,
2011 297 2064 360 6.

260 481 327 542 15
345 478 599 556 εἰκόνας
658 478 978 568 περιελεῒν.
1069 479 1186 551 καί
1234 504 1389 549 ποτε
1442 483 1575 549 τῶν
1627 484 1741 549 τοῦ
1788 478 2062 550 ’ῙΙσαΐου
2120 479 2321 551 θείων
2376 488 2620 571 φωνῶν

344 583 969 671 όναγινωσκομένων
1024 578 1125 652 ἐπ’
1167 582 1540 671 ἐκκλησίας,
1607 586 1682 652 αἳ
1726 583 1978 673 λέγουσι
2032 584 2190 653 “clm
2244 583 2619 673 ὥμοιώσατε

343 688 572 774 κύριον
580 713 606 771 ,·
648 686 742 778 μὴ
791 689 1006 757 είκόνα
1055 688 1310 775 ἐποίησε
1354 688 1596 756 τέκτων
1626 690 1666 776 ἢ
1699 688 2061 776 χρυσοχόος
2103 689 2407 776 ὁμοίωμα
2439 713 2616 757 κατε-

342 792 650 860 σκεύασεν
694 793 962 880 otmar·
1018 793 1128 860 καὶ
1172 782 1247 859 τὰ
1296 791 1548 880 ἐφεξῆς,
1602 791 1992 877 προσελθὼν
2035 799 2132 879 τῷ
2174 792 2422 880 βασιλεῖ
2457 791 2619 879 πρὸς

341 895 456 971 οὖς
487 898 613 985 ἔφη
645 897 1010 985 “πρόσσχες
1037 903 1134 984 τῷ
1163 897 1485 984 προφήτῃ,
1526 893 1587 962 ὦ
1621 895 1917 981 δέσποτα,
1949 896 2059 963 καὶ
2088 897 2297 983 τούτῳ
2326 896 2619 964 πείθου.”
2635 900 2666 959 t

256 999 322 1058 16
340 1000 634 1068 ἐντεῦθεν
697 1002 1328 1089 ἀπηρυθριασμένως
1382 998 1421 1065 ό
1477 998 1672 1066 Λέων
1729 1005 1843 1085 τῆς
1895 1000 2204 1085 αἱρέσεως
2262 1002 2461 1086 εἴχετο
2514 1003 2626 1069 καί

18 1101 322 1162 P11132A
337 1102 487 1179 τοὺς
539 1104 634 1191 μὴ
693 1111 771 1192 τῇ
833 1106 1087 1191 ἀσεβείᾳ
1143 1105 1341 1171 αὐτοῦ
1407 1103 1895 1175 ὗποκύπτοντας
1961 1103 2452 1189 ὁιασπαράσσειν
2514 1106 2617 1172 καὶ

18 1204 92 1263 [Π
107 1207 215 1266 107
254 1208 320 1266 17
338 1206 681 1293 λαφύσσειν
727 1209 1043 1295 ἠπείγετο·
1101 1206 1309 1296 βαρὺς
1355 1206 1427 1274 δὲ
1473 1206 1583 1272 καὶ
1629 1207 1841 1280 ἄλλως
1884 1207 1993 1273 καὶ
2040 1207 2466 1295 ἀπαραίτητος
2510 1207 2620 1295 τὴν

303 1310 540 1398 Δὀργὴν
583 1317 714 1384 τοῖς
757 1312 1085 1393 πταίουσιν
1140 1311 1221 1399 ἦν
1281 1308 1391 1378 καὶ
1452 1309 1553 1377 ἐπὶ
1616 1311 1893 1397 μετρίοις
1955 1311 2297 1397 πταίσμασι
2360 1312 2619 1396 βαρείας

254 1421 320 1478 18
337 1414 628 1488 κολάσεις
685 1411 1221 1502 ἀποφαινόμενος.
1313 1420 1599 1488 τοιοῦτος
1651 1414 1773 1500 μὲν
1828 1413 1908 1501 ἦν
1954 1415 1993 1481 ό
2041 1414 2233 1481 Λέων
2285 1414 2431 1500 περὶ
2474 1415 2619 1491 τοὺς
2639 1426 2698 1483 10

338 1521 614 1607 εὗσεβεῖς
660 1520 770 1586 καὶ
814 1519 963 1595 τοὺς
1008 1520 1221 1605 ἄλλως
1265 1517 1876 1604 προσκεκρουκότας
1922 1519 2123 1604 αὐτῷ.

253 1629 321 1687 19
526 1624 702 1698 Τέως
749 1620 807 1691 δ’
857 1623 974 1691 οὖν
1026 1623 1172 1708 περὶ
1223 1623 1339 1710 τὴν
1392 1628 1524 1689 τῶν
1578 1626 1818 1689 κοινῶν
1879 1623 2184 1708 διοίκησιν
2251 1624 2331 1690 οὗ
2395 1624 2625 1711 νωθὴς,

339 1726 436 1814 ἦν,
502 1726 659 1794 ἀλλὰ
725 1726 844 1794 καὶ.
897 1727 1036 1795 λίαν
1101 1728 1410 1814 ἐγρήγορε
1475 1726 1586 1793 καὶ
1645 1726 1794 1800 τοὺς
1851 1727 2231 1800 ἀδικοῦντας
2287 1727 2617 1796 ἀνέστελλε.

250 1831 679 1918 2οὃεηῦέντος
744 1837 899 1917 γοῦν
962 1857 1147 1918 τινος,
1215 1831 1310 1906 ὡς
1363 1836 1478 1898 τοῦ
1541 1828 1803 1917 γυναίου
1867 1831 2065 1897 αὐτοῦ
2110 1830 2288 1918 παρά
2334 1856 2447 1898 του
2493 1836 2621 1899 τῶν

336 1941 446 2022 τῆς
502 1935 858 2022 συγκλήτου
915 1936 1328 2022 ἁρπαγέντος,
1393 1936 1847 2022 προσθεμένου
1916 1934 1986 2021 όὲ
2041 1934 2151 2002 καὶ
2207 1943 2302 2022 τῷ
2356 1936 2620 2023 ἐπάρχῳ
2639 1945 2698 2007 lt

336 2038 732 2124 προσελθεῖν,
776 2037 870 2125 μὴ
895 2072 896 2077 ’
916 2040 1132 2125 μέντοι
1169 2044 1376 2125 τυχεῖν
1408 2039 1821 2125 ἐκδικήσεως,
1871 2036 2004 2105 ἐπεὶ
2033 2038 2106 2105 τὸ
2139 2038 2425 2127 ἔγκλημα
2458 2040 2617 2107 ἀπο-

340 2143 640 2221 δέδεικτο,
706 2143 817 2211 τὸν
872 2144 1157 2231 ἔπαρχον
1215 2144 1489 2210 ἔπαυσεν
1548 2142 1746 2218 εὐθὺς
1791 2148 1902 2232 τῆς
1948 2142 2172 2232 ἀρχῆς,
2236 2143 2347 2212 τὸν
2393 2142 2463 2211 δὲ
2507 2142 2620 2231 τὴν

339 2385 376 2478 8,
406 2385 490 2515 ἔτι
520 2384 745 2517 λόῖγίέοὲ
774 2384 843 2459 ἦν
878 2387 911 2444 ό
947 2385 1133 2445 Λέων·
1172 2386 1267 2445 καί
1303 2385 1569 2460 κολαστὴς
1606 2385 1990 2458 ἀπαραίτητος·
2030 2385 2124 2444 καί
2154 2383 2276 2450 τοὺς
2301 2384 2618 2451 ἀδικοῦντας

339 2478 406 2515 αν
432 2477 521 2515 στε
583 2478 610 2514 ε

452 2686 481 2743 1
521 2687 714 2761 ήσαΐου
752 2686 1037 2761 stpDi,
1086 2686 1276 2761 ήσαίου
1329 2685 1431 2746 ΑΟ
1575 2685 1821 2759 Ἠσαίου]
1861 2685 1972 2744 XL
2012 2688 2082 2744 18
2102 2704 2147 2745 Β.
2294 2688 2332 2744 2
2367 2687 2619 2759 ἆναγινω·
2654 2725 2658 2731 -

449 2762 750 2831 σκωμένων
787 2761 934 2834 Ewp
1143 2761 1239 2817 τίνι
1276 2760 1501 2820 ARWo
1542 2761 1662 2832 lat„
1701 2762 1808 2817 τινί
1839 2758 1973 2832 w*p
2175 2760 2212 2816 3
2250 2766 2394 2818 anto
2431 2760 2621 2830 κύριον

452 2833 593 2890 add.
642 2836 734 2890 τὸν
782 2834 945 2906 Ewp,
996 2849 1112 2890 om.
1160 2830 1286 2901 AO,
1335 2833 1451 2891 Ies.
1499 2834 1535 2889 l.
1585 2849 1653 2903 e.,
1707 2830 1884 2890 Cedr.
1932 2830 2222 2905 (Seylitz.)
2268 2833 2326 2889 11
2365 2849 2421 2904 p.
2460 2831 2548 2900 59,
2590 2833 2617 2889 1

521 2906 701 2962 ἕποίσε
740 2903 786 2964 C
914 2906 950 2962 4
986 2907 1150 2962 αὐτοῦ
1190 2904 1262 2976 D,
1301 2905 1462 2961 αὐτὸν
1500 2904 1612 2963 les,
1642 2906 1676 2961 l.
1705 2921 1754 2962 e.
1892 2904 1927 2960 5
1965 2906 2060 2967 οὓς
2099 2905 2171 2978 p*
2209 2905 2419 2961 invitis
2456 2904 2620 2961 ARw

520 2981 751 3051 πρόσχες
789 2975 1160 3050 AsstpDi,
1200 2993 1356 3035 corr.
1396 2979 1568 3036 B·W
1705 2978 1741 3034 8
1777 2977 2071 3049 λαφύσσειν
2107 2976 2330 3035 ARWo
2369 2978 2489 3048 lat„
2533 2978 2621 3034 λα-

451 3052 665 3124 φύσσαν
691 3051 821 3125 w*p
972 3057 1109 3125 post
1133 3051 1309 3114 ἄλλως
1337 3065 1453 3109 om.
1480 3050 1574 3108 καὶ
1601 3051 1650 3107 Ε
1798 3051 1867 3106 12
1893 3051 2025 3112 τέως
2051 3049 2102 3107 δ’
2131 3049 2228 3108 οὖν
2249 3050 2373 3121 περὶ
2388 3049 2619 3121 ἈΕἊῚ),

449 3125 573 3197 περὶ
610 3123 671 3181 δὲ
709 3122 758 3181 Ο
907 3124 976 3181 14
1013 3124 1112 3181 οὖν
1147 3123 1294 3198 Ewp
1448 3124 1514 3182 17
1554 3128 1692 3198 post
1729 3122 1818 3180 τὸν
1857 3124 2029 3206 prius
2068 3123 2208 3181 add.
2244 3122 2345 3197 μὲν
2368 3119 2622 3197 'prDi

251 3348 327 3409 15
344 3352 701 3425 instigabat,
738 3357 810 3410 ut
846 3353 1149 3425 imagines
1186 3353 1421 3425 ubique
1459 3353 1715 3412 tolleret.
1779 3353 1855 3411 Et
1882 3351 2383 3426 eume-liquando
2412 3352 2624 3410 divina

345 3425 567 3484 Esaiae
605 3426 800 3483 verba
837 3425 942 3483 illa
967 3427 1030 3482 in
1058 3427 1318 3483 ecelesia
1352 3428 1790 3484 recitarentur:
1847 3425 2008 3485 “Cui
2035 3426 2411 3483 assimilastis
2439 3426 2624 3482 domi-

344 3498 534 3556 num?
591 3498 750 3557 Num
788 3499 1122 3572 imaginem
1162 3500 1296 3556 eius
1334 3500 1483 3556 facit
1520 3500 1698 3556 faber
1737 3503 1846 3556 aut
1882 3500 2127 3557 aurifex
2166 3498 2623 3556 similitudinem

344 3573 592 3643 paravit
630 3571 777 3629 ei?”
813 3578 875 3629 et
912 3572 1168 3644 reliqua,
1206 3572 1307 3629 ille
1346 3574 1607 3629 accessit
1633 3579 1695 3630 et
1731 3573 1867 3643 regi
1901 3573 1964 3629 in
1993 3587 2206 3630 aurem
2242 3570 2502 3628 “Audi-’³
2539 3573 2625 3627 ait

251 3643 772 3716 16⁶·prophetam,
813 3645 1075 3714 domine,
1117 3645 1298 3717 eique
1337 3644 1753 3718 obtempera.”
1824 3644 1977 3702 Inde
2004 3647 2157 3702 eitra
2185 3644 2623 3702 verecundiam

346 3716 475 3775 Leo
502 3722 731 3775 sectam
770 3718 934 3776 illam
973 3718 1346 3789 sectabatur,
1386 3719 1618 3791 quique
1655 3720 1787 3775 eius
1823 3719 2122 3791 impietati
2148 3734 2274 3775 non
2303 3717 2623 3786 cedebant,

251 3788 326 3847 17
348 3789 688 3848 dilacerare
728 3795 789 3849 et
827 3790 1132 3847 devorare
1171 3791 1489 3863 cupiebat3
1529 3791 1689 3848 idem
1728 3790 2004 3863 alioquin
2033 3796 2167 3849 erat-
2192 3805 2420 3848 saevus
2448 3797 2507 3849 et
2535 3791 2626 3846 ira

348 3868 563 3920 eontra
603 3863 1029 3936 delinquentes
1065 3864 1455 3935 implacabili,
1496 3864 1574 3920 ob
1602 3864 1844 3920 modica
1871 3864 2094 3921 delicta
2114 3875 2354 3941 poenas
2387 3869 2626 3921 atroces

252 3934 652 4007 18irrogan8.
745 3937 958 3994 Talem
1007 3937 1196 4008 igitur
1243 3952 1310 3994 se
1348 3935 1477 3994 Leo
1518 3937 1860 4009 praebebat
1899 3945 2115 3995 eontra
2163 3939 2298 4010 pios
2345 3942 2408 3995 et
2459 3937 2625 4006 alios,

348 4009 575 4082 quibus
614 4010 885 4067 offensus
924 4017 1073 4067 erat.
1427 4071 1433 4076 ,
2134 4019 2136 4021 ’

251 4081 328 4139 19
529 4081 610 4140 At
645 4085 709 4139 in
736 4083 1053 4156 republica
1092 4082 1580 4139 administranda
1616 4099 1743 4141 non
1781 4084 1992 4155 segnis
2031 4088 2177 4153 erat,
2221 4083 2329 4139 sed
2358 4098 2502 4140 acer
2528 4080 2629 4137 ad·

248 4154 596 4213 20modum
637 4163 698 4213 ct
736 4157 1003 4229 vigilans
1031 4157 1484 4228 iniuriososque
1518 4156 1866 4214 coercebat.
1890 4222 1895 4227 ⁸
1919 4158 2142 4214 Oratus
2181 4158 2372 4228 igitur
2411 4174 2448 4212 a
2487 4171 2630 4228 quo-

349 4228 511 4297 dam,
568 4231 674 4303 qui
723 4245 980 4287 uxorem
1030 4246 1067 4285 a
1116 4236 1403 4287 senatore
1453 4229 1723 4302 quodam
1772 4231 1888 4288 sibi
1927 4236 2166 4302 raptam
2209 4246 2342 4287 esse
2381 4234 2632 4302 questus

348 4302 623 4360 addebat
669 4319 736 4361 se
785 4306 1015 4361 frustra
1063 4304 1361 4376 praefecti
1410 4320 1589 4376 opem
1638 4303 2016 4376 implorasse,
2074 4304 2328 4360 erimine
2374 4304 2631 4375 probato

346 4377 554 4434 statim
599 4377 930 4451 abrogavit
969 4379 1283 4450 praesecto
1333 4382 1700 4450 potestatem
1749 4382 2185 4450 raptoremque
2236 4378 2479 4449 legibus
2530 4391 2634 4449 pu-
