2870 4966
436 345 547 407 814
1065 345 1342 409 zoNAn.
1383 347 1583 411 nm‘r.
1622 348 1733 410 xv
1773 349 1858 422 ιτ,
1895 347 2112 433 ε-εο,
2201 334 2204 337 ’

380 532 418 592 9
433 532 583 610 τοὺς
635 535 746 604 καὶ
796 536 1012 623 μέντοι
1067 536 1177 605 καὶ
1230 538 1460 626 ἥνωσε.
1552 536 1661 605 καὶ
1706 535 1816 607 τὸν
1860 536 2002 606 υἱὸν
2049 537 2120 605 ὀὲ
2173 536 2630 624 Θεοφύλακτον
2672 543 2710 611 ὁ

433 638 727 727 βασιλεὺς
780 638 976 728 οὗτος,
1022 649 1134 731 τῆς
1188 642 1518 731 βασιλικῆς
1570 644 1808 731 ἠξίωσε
1852 644 2144 732 κλήσεως
2189 644 2303 711 καί
2342 644 2407 711 οἱ
2451 642 2555 711 aad
2599 654 2707 715 τοῦ

298 743 417 803 '10
432 745 830 833 πατριάρχου
893 746 1174 834 ὸιάὸημα
1220 748 1575 844 περιέθετο..
1669 747 1796 816 εἶτα
1844 747 2006 815 κατὰ
2054 748 2457 835 Βουλγάρων
2502 751 2706 838 ληιζο-

431 850 652 936 μένων
696 849 811 938 τὴν
865 849 1196 938 Θρᾳκιραν
1248 859 1487 939 μοῖραν
1525 853 2027 939 ἐκστρατεύσας,
2093 854 2507 921 στασιάσαντα
2571 857 2706 922 κατ’

434 955 632 1022 αὐτοῦ
690 960 822 1023 τῶν
875 958 1218 1043 ταγμάτων
1281 957 1435 1042 τινά,
1503 958 1600 1032 ὡς
1652 956 1762 1025 καὶ
1820 959 1908 1033 εἷς
1952 960 2167 1046 ὕβρεις
2212 966 2505 1046 χωρῆσαι
2550 961 2753 1029 κατάδ

363 1056 413 1116 Β
432 1058 505 1125 τὸ
549 1059 901 1147 προφανές,
949 1060 1161 1148 λόγοις
1203 1062 1525 1148 μειλιχίοις
1566 1061 1683 1130 καὶ
1708 1063 1947 1147 δώροις
1976 1063 2326 1151 φιλοτίμοις
2356 1064 2708 1150 κατηύνασε
2723 1070 2769 1129 D
2787 1074 2870 1138 111:

346 1163 408 1222 11
432 1163 542 1231 καὶ
599 1166 689 1240 εἰς
743 1163 818 1232 τὰ
884 1166 1164 1254 βασίλεια
1230 1167 1661 1245 ἔπανέζευξεν.
1755 1168 2149 1236 ἀνακαινίσαι
2216 1167 2287 1236 ὸὲ
2351 1167 2708 1255 ζητούντων

430 1269 690 1337 πολλῶν
733 1270 848 1358 τὴν
893 1269 1055 1337 κατὰ
1103 1276 1234 1338 τῶν
1279 1277 1530 1339 σεπτῶν
1574 1270 1845 1340 εἰκόνων
1873 1268 2129 1359 μανίαν,
2175 1273 2345 1347 τινὰς
2376 1273 2708 1360 συλλαβὼν

431 1372 540 1440 καὶ
568 1375 844 1460 μετρίως
880 1399 1027 1448 πως
1073 1376 1497 1463 αἰκισάμενος,
1546 1372 1625 1443 <32¹
1676 1377 1891 1444 αὐτῶν
1936 1377 2045 1444 καὶ
2089 1376 2236 1450 τοὺς
2270 1376 2531 1451 λοιποὺς
2560 1402 2705 1444 κατ-

342 1478 413 1536 12
429 1477 698 1565 επτόησε
742 1477 852 1546 καὶ
895 1480 1272 1547 παύσασθαι
1323 1480 1777 1566 παρεσκεύασε.
1869 1480 2160 1569 μοναχὸν
2221 1481 2294 1550 ὸέ
2346 1505 2480 1548 τινα
2519 1482 2706 1549 εὖλα-
2728 1494 2784 1553 10

429 1582 606 1669 βείας
662 1584 823 1670 τάχα
884 1584 1126 1672 σκηνὴν
1176 1584 1658 1673 ἕνὸεικνύμενον
1701 1585 2000 1673 εὖρηκὼς
2045 1583 2259 1653 εἰκόνα
2306 1593 2417 1674 τῆς
2463 1586 2706 1711 θεομή-

428 1710 618 1773 τορος
663 1688 1082 1774 ἀποξέσαντα,
1129 1695 1241 1776 τῆς
1287 1688 1581 1778 γλώσσης
1626 1690 1935 1777 ἀφείλετο.

341 1790 411 1851 13
626 1792 778 1861 Τῶν
815 1792 1191 1880 Ἀγαρηνῶν
1254 1793 1324 1862 ὸὲ
1387 1793 1503 1882 τὴν
1557 1793 1731 1881 ἑῳαν
1785 1793 2000 1870 αὖθις
2028 1794 2442 1881 ληιζομένων,
2498 1795 2538 1864 ὅ
2583 1800 2710 1865 τῶν

429 1896 824 1965 ἀνατολικῶν
893 1897 1241 1986 στρατηγὸς
1305 1900 1343 1966 ὁ
1399 1900 1730 1988 Ἀρμένιος
1795 1900 1986 1967 Λέων
2053 1899 2296 1974 τούτοις
2360 1889 2709 1987 συμβαλὼν

428 2001 631 2070 ἀνεῖλέ
687 2028 752 2070 τε
807 2003 953 2090 περὶ
1009 2004 1345 2091 ὀισχιλίους
1400 2004 1509 2071 καὶ
1564 2007 1798 2080 ἵππους
1841 2005 1951 2072 καὶ
1998 2006 2162 2073 ὅπλα
2211 2006 2298 2078 εἰς
2341 2005 2595 2092 πλῆθος
2641 2006 2811 2082 3515·

250 2105 301 2170 C
343 2107 410 2167 14
433 2108 649 2176 αὐτῶν
692 2109 1260 2197 ἐλαφυραγώγησε.
1353 2109 1668 2196 Κροῦμος
1715 2110 1786 2178 δὲ
1817 2110 1856 2178 ὁ
1885 2116 2018 2177 τῶν
2048 2109 2450 2197 ,Βουλγάρων
2485 2111 2706 2196 ἄρχων

432 2213 960 2303 διεπρεσβεύσατο
1005 2214 1173 2302 πρὸς
1216 2214 1326 2283 τὸν
1366 2216 1646 2303 βασιλέα,
1696 2217 1951 2304 εἰρήνην
1982 2217 2194 2303 ζητῶν
2225 2214 2325 2282 ἐπὶ
2356 2216 2706 2302 συνθήκαις

427 2431 525 2489 1”
485 2454 562 2489 οτι
590 2433 811 2527 ἔστεψεν
836 2434 870 2490 ὅ
885 2432 1109 2507 ΙΙῙιχαὴλ
1138 2432 1402 2507 (βασιλεὺς
1422 2434 1517 2503 E)
1513 2433 1602 2492 τὸν
1628 2432 1744 2492 υἱὸν
1768 2433 1934 2493 αὐτοῦ
1959 2436 2113 2508 Θεοφ
2115 2435 2342 2492 ύλακτον
2364 2432 2460 2492 ΟΕ
2571 2433 2668 2491 ''I‘'
2630 2455 2706 2492 οτι

428 2506 548 2569 τοὺς
575 2506 711 2564 κατὰ
737 2514 847 2564 τῶν
871 2508 1041 2580 ἁγίων
1066 2509 1298 2565 εἰκόνων
1330 2509 1426 2576 (εις
1453 2508 1545 2570 τὰς
1568 2509 1720 2580 ἁγίας
1744 2510 1954 2570 εἰκόνας
1982 2510 2054 2578 Ε)
2091 2508 2527 2579 νεανιευομένσις
2564 2510 2703 2573 (νεα-

424 2581 798 2651 νιευσαμένους
837 2581 907 2645 Ε)
944 2581 1172 2653 ᾐκίσατο
1210 2580 1308 2639 ΟΕ
1497 2582 1566 2639 13
1604 2582 1729 2652 περὶ
1766 2590 1876 2637 τῶν
1908 2583 2098 2655 Ἅγαρη
2102 2589 2213 2639 νῶν
2251 2580 2348 2639 ΟΕ
2522 2580 2590 2637 16
2627 2583 2702 2636 ὅτι

425 2654 459 2709 ὅ
492 2661 601 2711 τῶν
632 2651 965 2727 Βουλγάρων
1001 2656 1194 2726 ἄρχων
1229 2656 1344 2728 ᾔτει
1384 2655 1635 2718 σπονδάς.
1677 2656 1711 2711 ὅ
1745 2655 1806 2711 δὲ
1838 2605 2098 2730 βασιλεὺς
2122 2657 2158 2712 ἃ
2193 2656 2395 2717 ἐκεῖνος
2421 2653 2592 2726 ἐζήτει
2625 2654 2703 2727 μὴ

422 2729 646 2799 πληρῶν
678 2729 1021 2800 παρῃτήσατο
1058 2729 1400 2786 σπειΜσασθαι
1441 2751 1533 2786 και
1577 2730 1635 2786 οῖ
1654 2730 1960 2802 Βούλγαροί
1998 2728 2136 2824 κατὰ
2168 2729 2531 2802 ΙΙΙεσημβριας
2566 2728 2703 2801 ἐχώ-

422 2822 596 2876 ρησαν
632 2802 726 2859 καὶ
763 2802 821 2860 τὸ
857 2803 990 2860 ἄστυ
1027 2797 1171 2859 εἷλον
1209 2801 1256 2862 0

529 3003 582 3061 4.
622 3004 658 3062 5
695 3003 814 3061 κατ’
852 3004 1017 3064 αὐτοῦ
1057 3010 1195 3078 post
1232 3004 1349 3063 τινὰ
1386 3004 1442 3062 D
1596 3004 1632 3061 5
1668 2964 1745 3067 είς
1783 3004 1934 3078 pr
1974 3003 2316 3076 Theoph.1
2357 3021 2411 3078 p.
2450 3003 2576 3072 495,
2613 3003 2700 3074 25,

533 3093 648 3135 01η.
679 3075 820 3135 ADi
964 3079 999 3135 9
1033 3087 1152 3141 πῶς
1179 3078 1308 3151 OD!
1310 3097 1326 3134 )
1480 3078 1547 3135 12
1584 3078 1818 3152 γλώττης
1847 3078 1892 3134 Β
2042 3078 2111 3134 13
2150 3077 2210 3134 ὅὲ
2240 3078 2527 3150 ἀγαρηνῶν
2553 3079 2700 3146 pr

528 3150 758 3298 713ῆὲΐὲ
763 3149 1251 3298 ιὲιέιῶρῡθκνρῦἰ,
1292 3152 1595 3225 ὄις-χιλίους
1635 3099 1840 3225 ΑΕιηνρ
2088 3150 2171 3208 15
2212 3152 2279 3208 16
2314 3151 2375 3217 ἐξ
2410 3151 2590 3208 αὐτῶν
2626 3151 2700 3213 εἷς

364 3421 402 3481 9
421 3426 816 3486 concordiam
843 3426 1172 3502 redigeret,
1201 3427 1389 3502 idque
1417 3427 1693 3502 perfecit.
1730 3426 1951 3486 Filium
1976 3425 2506 3516 Theophvlactufn
2529 3426 2701 3499 regio

332 3496 402 3555 10
421 3501 668 3559 nomine
697 3472 1021 3574 dignatum
1049 3517 1086 3559 a
1115 3501 1468 3575 patriarcha
1495 3501 1844 3559 diademate
1874 3500 2220 3560 ornandum
2248 3500 2507 3559 curavit.
2560 3499 2704 3558 Post

419 3546 816 3648 expeditione
843 3581 1131 3647 suscepta
1154 3581 1371 3634 contra
1391 3574 1715 3648 Bulgaros,
1744 3576 1849 3647 qui
1877 3574 2201 3632 Thraciam
2227 3573 2702 3647 populabantur,

354 3703 359 3710 .
419 3648 792 3721 quibusdam
814 3649 916 3704 lv»-
874 3650 1166 3719 gionibus
1187 3649 1511 3719 seditiosis,
1539 3665 1577 3705 a
1598 3650 1824 3720 quibus
1845 3653 2059 3737 aperte
2084 3648 2461 3705 maledictis*
2445 3664 2702 3704 incesse·

420 3722 619 3792 batur,
663 3723 948 3794 benignis
986 3722 1269 3793 alloquiis
1298 3729 1357 3780 et
1375 3691 1753 3779 libe-uilitate
1789 3722 2090 3794 placatis
2075 3738 2134 3777 in
2167 3721 2402 3793 regiam
2431 3721 2699 3778 iweveit-it.

329 3791 393 3853 11
419 3794 570 3854 Cum
612 3801 820 3852 autem
854 3795 1026 3852 multi
1054 3797 1356 3852 insaniam
1386 3802 1604 3852 eontna
1632 3795 2020 3851 venerabiles
2057 3796 2361 3866 imagines
2397 3809 2702 3850 renovare

419 3868 760 3936 studerent,
788 3869 1156 3940 quibusdam
1186 3868 1643 3941 comprehensis
1670 3876 1732 3924 et
1757 3868 2147 3936 mediocriter
2175 3838 2443 3924 multatis
2463 3873 2701 3928 ceteios

331 3939 398 3996 12
419 3943 638 3999 animis
665 3942 944 3998 demissis
971 3960 1008 3997 a
1035 3943 1211 3999 simili
1252 3947 1485 3999 conatu
1523 3938 1837 4010 deterruit,
1877 3948 1938 3998 et
1965 3942 2264 3999 monacho
2293 3940 2553 4008 cuidam,
2596 3939 2699 4012 qui

419 4015 827 4072 ostentandae
866 4017 1125 4072 iorsitan
1175 4016 1420 4089 pietatis
1471 4031 1659 4072 causa
1684 4011 1918 4087 deipar
1921 4032 1995 4072 ·1e
2034 4015 2365 4087 imaginem
2408 4018 2698 4082 eraserat,

419 4089 692 4161 linguam
733 4088 1048 4161 praecidit.

330 4160 398 4216 13
598 4161 907 4232 Agarcnis
946 4177 1160 4218 rursus
1188 4160 1498 4219 Orientem
1533 4161 1922 4218 vastantibus
1952 4160 2355 4218 Orientalium
2383 4158 2530 4230 dux,
2570 4158 2696 4214 Leo

420 4231 764 4304 Armenius,
824 4236 1146 4291 commisso
1197 4234 1428 4307 proelio
1470 4235 1550 4290 ad
1598 4235 1723 4290 duo
1772 4235 1937 4290 milia
1986 4234 2222 4300 cecidit,
2271 4233 2477 4289 multis
2525 4231 2697 4303 equis

328 4304 396 4362 14
419 4314 480 4364 et
517 4306 727 4379 spoliis
768 4309 1010 4380 potitus,
1088 4307 1351 4365 Cruinus
1389 4314 1618 4374 autem,
1664 4301 2078 4376 Bulgaroruni
2125 4307 2428 4394 princepe,
2480 4306 2532 4361 1‹
2536 4306 2698 4377 <ratis

418 4380 496 4436 ad
538 4397 748 4450 regem
799 4382 996 4436 missis
1046 4398 1259 4454 pacem
1309 4381 1524 4437 iisdem
1576 4381 2032 4436 conditionibus
2080 4380 2315 4452 petivit,
2373 4395 2535 4451 quae
2536 4348 2696 4434 ”sub

419 4425 768 4515 ΤΙιοοιῗοείο
808 4453 1213 4529 Atramyteno
1262 4461 1324 4512 et
1365 4452 1677 4514 Germano
1715 4454 2069 4529 patriarcha
2107 4466 2439 4511 concessae
2477 4456 2696 4509 essent.
