2870 4966
550 308 1084 376 consur-nm
1123 307 1689 391 carenacum
1726 297 2213 381 svrrmoxvu.
2404 315 2514 384 m

252 499 395 578 τοὺς
456 497 858 589 κατηγόρους
919 497 1245 588 πεποίηκε.
1335 496 1585 568 τούτων
1640 499 1712 570 δὲ
1766 499 2121 590 γεγονότων
2173 502 2515 592 ὕπερόριος
2532 500 2582 565 0

253 610 290 679 ὅ
342 605 736 692 πατριάρχης
800 604 1065 691 ἐγένετο.
1158 605 1373 690 ἕτερον
1441 603 1513 671 δὲ
1573 606 1963 694 προεβάλετο
2025 609 2421 698 πατριάρχην
2473 608 2513 678 ό
2531 606 2605 668 28

250 712 554 799 τύραννος
599 710 899 796 ἔκτομίαν
942 707 1076 776 τινὰ
1122 707 1431 795 Νικήταν,
1496 707 1638 777 οὖό’
1687 712 1758 788 ἐξ
1809 710 2192 798 ἐλευθέρων,
2256 712 2391 782 ἀλλ’
2438 715 2512 782 ἐκ

253 816 501 886 δούλων
556 815 817 882 ἕλκοντα
875 811 990 901 τὴν
1032 818 1146 881 τοῦ
1193 814 1417 900 γένους
1462 813 1676 902 σειρὰν
1722 811 1862 882 οὐδ’
1906 816 2274 903 ’ἀναγνῶναι
2319 818 2512 886 όυνά-

203 925 235 984 5
248 937 469 1012 μενον·
517 919 598 1008 ἦν
645 919 768 1006 γὰρ
812 919 958 1006 περὶ
1001 917 1115 1006 τὴν
1162 925 1598 1005 γυναικωνῖτιν
1644 920 2031 1007 ἔσχολακώς.
2122 920 2249 989 εἶτα
2296 923 2370 990 ἐκ
2408 930 2516 1012 τῆς
2529 921 2605 980 24

250 1025 588 1113 ὑπερορίας
615 1024 891 1112 ἀχθέντα
915 1021 1027 1091 τὸν
1049 1019 1534 1091 Κωνσταντῒνον
1563 1023 1673 1091 καὶ
1704 1025 2097 1111 άπηνέοτατα
2130 1028 2512 1117 αἱκισθέντα,
2531 1026 2714 1087 Wlll
2721 1026 2787 1087 91

250 1134 341 1207 ὥς
394 1130 563 1220 μηδὲ
615 1130 896 1220 βαόίζειν
952 1129 1287 1204 όύνασθαι,
1351 1130 1440 1203 είς
1502 1128 1615 1216 τὴν
1676 1129 1957 1217 μεγάλην
2022 1130 2359 1219 ἐκκλησίαν
2421 1133 2516 1210 ὥς

250 1238 453 1325 ἄχθος
496 1260 550 1302 τι
594 1232 1074 1330 βασταζόμενον
1120 1234 1159 1301 ό
1202 1233 1512 1321 τύραννος
1554 1236 2105 1323 μετακομισθῆναι
2159 1238 2508 1306 κεκέλευκε.

250 1342 358 1412 καί
394 1366 562 1416 τινος
606 1340 681 1409 τὰ
728 1338 867 1407 κατ’
916 1340 1114 1408 αὐτοῦ
1170 1340 1720 1426 ἀναγινώσκοντος
1774 1340 2127 1429 αἰτιάματα,
2191 1342 2513 1430 παρουσίᾳ
2531 1341 2606 1402 25

172 1454 235 1515 10
248 1447 536 1536 πλήθους
597 1444 838 1513 πολλοῦ
903 1443 1006 1512 ἐπὶ
1066 1444 1276 1531 τούτῳ
1341 1445 1938 1532 συναθροισθέντος,
2007 1445 2116 1514 καὶ
2184 1453 2297 1514 τοῦ
2361 1448 2511 1515 νέου

245 1551 635 1639 πατριάρχου
683 1549 933 1638 Νικήτα
981 1549 1050 1617 έν
1094 1557 1189 1636 τῷ
1246 1549 1593 1639 συνθρόνῳ
1649 1551 2029 1640 καθημένου
2084 1550 2195 1619 καὶ
2249 1552 2510 1640 άκροω·
2531 1551 2592 1612 D

243 1657 437 1744 μένου
482 1655 718 1742 αὐτῶν,
767 1655 1007 1729 ἐκεῖνος
1050 1653 1212 1722 κατὰ
1259 1654 1505 1745 κόρρης
1551 1655 1799 1723 ἐπαίετο
1835 1653 1945 1723 καὶ
1977 1655 2185 1733 οὕτως
2215 1654 2317 1725 ἐπὶ
2345 1655 2510 1725 πολὺ

245 1759 732 1850 ἕμπαροινηθεὶς
777 1759 952 1834 τέλος
997 1760 1517 1846 άναθεματίζεται
1561 1759 1670 1828 καὶ
1714 1759 2027 1849 ψιλωθεὶς
2070 1759 2186 1848 τὴν
2221 1760 2509 1850 κεφαλὴν

244 1864 346 1934 καὶ
374 1864 500 1957 ,τὸν
544 1865 856 1952 πώγωνα,
919 1861 1075 1932 ἀλλὰ
1121 1866 1336 1952 μέντοι
1380 1864 1491 1933 καὶ
1535 1863 1647 1941 τὰς
1692 1864 1966 1955 ὀφρύας,
2016 1866 2127 1934 καὶ
2171 1866 2309 1954 ὄνῳ
2355 1866 2506 1934 ἐπο-

168 1980 227 2040 16
243 1969 480 2061 χηθείς,
529 1968 962 2057 ῖπποόρομίας
1006 1970 1385 2060 τελουμένης
1429 1970 1735 2058 εἰσάγεται
1780 1972 1867 2046 είς
1910 1969 1984 2039 τὸ
2029 1972 2325 2059 θέατρον,
2381 1970 2509 2040 dvl-

242 2101 384 2165 μως
428 2075 986 2163 θριαμβευόμενος
1037 2076 1147 2143 καὶ
1205 2075 1642 2165 έμπτυόμενος
1696 2075 1806 2145 καὶ
1868 2075 2042 2145 κόνει
2103 2075 2511 2166 παττόμενος.

245 2181 342 2252 ἐπὶ
383 2181 628 2255 τούτοις
672 2178 843 2256 τινὰς
887 2185 1018 2250 τῶν
1064 2180 1399 2270 ἀρχόντων
1449 2181 1689 2257 στείλας
1733 2182 1772 2249 ό
1816 2181 2128 2270 τύραννος
2181 2182 2513 2272 ἠρώτησεν
2531 2181 2608 2243 2ss

248 2397 275 2454 1
320 2398 467 2458 ὅπως
512 2392 606 2453 καὶ
651 2394 741 2452 τὸν
783 2393 1123 2468 πατριάρχην
1167 2394 1331 2454 αὐτοῦ
1379 2394 1550 2462 ἕξῶσε
1605 2394 1821 2465 (ἐξέωσε
1858 2395 1929 2464 Ε)
1981 2403 2075 2471 τῆς
2119 2394 2410 2471 ἕκκλησίας
2456 2417 2513 2457 τε

246 2469 380 2542 (om.
420 2468 489 2543 O)
526 2468 620 2527 καὶ
656 2469 881 2545 ἐκόλασε
918 2469 1011 2528 καὶ
1046 2469 1353 2533 ἀπέκτεινεν
1394 2468 1493 2529 ΟΕ

353 2673 380 2730 1
416 2674 678 2746 πεποίηκε
714 2670 938 2746 ΑΕννρ,
977 2671 1248 2747 ἠνάγκασε
1286 2672 1335 2731 Ο
1498 2678 1643 2731 ante
1678 2672 1882 2730 τούτων
1920 2669 2060 2731 add.
2099 2672 2192 2730 καὶ
2227 2670 2277 2729 Β
2429 2692 2514 2746 γε·

346 2746 588 2819 νομένων
617 2747 764 2820 Ewp
911 2746 947 2804 2
981 2747 1305 2821 προεβάλετο
1330 2744 1401 2817 Α,
1439 2747 1798 2821 προεβάλλετο
1826 2746 1992 2821 Ewp‚
2028 2744 2429 2819 προεχειρίσατο
2460 2744 2513 2804 Ο

347 2821 383 2878 8
419 2819 533 2877 τινὰ
570 2821 743 2879 initio
783 2836 1001 2878 versus
1041 2837 1156 2878 om.
1197 2818 1244 2879 0
1406 2819 1445 2878 4
1481 2828 1573 2878 τοῦ
1604 2820 1786 2893 γένους
1827 2836 1942 2878 om.
1983 2819 2039 2877 D
2211 2824 2355 2878 ante
2391 2817 2514 2877 οὐδ’
2611 2849 2625 2865 =

348 2894 487 2951 add.
526 2895 620 2952 καὶ
657 2894 850 2968 σχεδὸν
886 2894 1111 2967 B⁸pr
1319 2893 1354 2951 ὖ
1391 2901 1501 2951 τῶν
1538 2898 1678 2963 (om.
1719 2893 1788 2962 O)
1824 2893 1948 2966 περὶ
1984 2893 2079 2968 τὴν
2115 2893 2513 2967 γυναικωνίτην

348 2970 496 3036 (-ίτιν
535 2972 597 3025 et
633 2971 777 3041 -ίτην
815 2985 925 3043 per
961 2968 1211 3039 dittogr.
1249 2967 1321 3031 Β)
1359 2967 1736 3041 ἕσχολακότων
1774 2966 1823 3025 Ο
1970 2967 2004 3026 7
2043 2965 2513 3038 05:122&ch

418 3041 711 3114 δυνάμενον
750 3042 799 3098 Β
946 3043 982 3100 8
1017 3042 1051 3098 ό
1085 3042 1339 3113 τύραννος
1377 3058 1493 3100 om.
1531 3041 1581 3101 O
1725 3042 2188 3115 μετακομισθῆναι
2225 3039 2516 3100 κεκέλευκε

348 3113 417 3187 Α,
453 3117 918 3191 μετακομισθῆναι
953 3114 1167 3172 ἐκέλευε
1206 3115 1327 3186 Ew,
1371 3115 1835 3188 μετακομισθῆναι
1875 3114 2122 3172 ἐκέλευσε
2160 3131 2216 3187 p,
2265 3113 2516 3171 ἐκέλευσε

347 3189 677 3261 κομισθῆναι
716 3190 766 3248 Ο
936 3189 971 3246 9
1007 3187 1070 3245 τὰ
1110 3205 1224 3246 om.
1265 3187 1321 3245 D
1507 3190 1577 3247 10
1610 3189 1855 3260 πλήθους
1889 3188 2089 3246 πολλοῦ
2127 3185 2349 3260 AEwp,
2384 3186 2516 3245 πολ·

277 3314 283 3325 ,
345 3263 458 3319 λῶν
485 3261 534 3321 Ο
569 3265 673 3323 Wo
700 3264 804 3322 lat.
946 3261 1353 3334 ἀθροισθέντων
1380 3261 1430 3321 Ο
1581 3263 1645 3320 11
1674 3261 2046 3334 άκρουομένου
2073 3260 2122 3321 E
2268 3261 2339 3319 12
2374 3260 2515 3320 κατὰ

348 3333 570 3411 AEwp‚
607 3337 694 3394 ἐπὶ
732 3335 781 3394 Ο
928 3338 1136 3409 κόρρης
1175 3332 1431 3410 prDi,
1470 3337 1640 3409 κόρης
1673 3334 1778 3393 AB

244 3545 476 3604 toribus
514 3547 899 3620 quibusdam,
942 3562 1097 3621 quos
1135 3547 1237 3614 illo
1259 3547 1486 3604 infitias
1525 3552 1711 3605 eunte
1749 3546 1957 3605 iurare
1995 3543 2216 3618 coegit.
2274 3542 2515 3612 Quibus

247 3619 418 3677 factis
439 3621 790 3694 patriarcha
811 3620 1123 3693 relegatus
1143 3625 1250 3691 est,
1279 3626 1340 3676 et
1361 3620 1518 3677 alius
1533 3619 1890 3749 Hatriarcha
1917 3634 1956 3675 a
1981 3624 2246 3692 tyranno
2269 3622 2514 3674 creatus
2531 3609 2611 3670 28

245 3690 485 3750 Nicetas
523 3694 862 3764 eunuchatu,
916 3710 1038 3752 non
1079 3694 1406 3764 ingenuus,
1462 3708 1528 3750 se
1622 3693 1828 3750 servili
1876 3707 2108 3765 genere
2162 3695 2349 3759 ortus,
2404 3690 2512 3761 qui

243 3763 451 3837 legere
488 3783 613 3823 non
654 3772 910 3839 poterat,
966 3767 1029 3822 in
1069 3766 1472 3824 muliebribus
1509 3763 1858 3842 ministeriis
1895 3769 2194 3821 versatu&
2271 3761 2513 3848 Deipde
2531 3754 2611 3815 24

248 3836 709 3896 Constantinum
751 3839 1161 3911 patriarcham
1214 3839 1292 3895 ab
1334 3840 1518 3896 exilio
1559 3839 1882 3896 reductum
1919 3843 1980 3895 ot
2018 3836 2514 3893 caeviseimessve·

247 3917 474 3981 aratum,
525 3912 682 3969 adeo
721 3917 789 3969 ut
829 3910 1148 3969 ambulare
1203 3928 1327 3969 non
1369 3918 1592 3985 posset,
1651 3913 1712 3968 in
1752 3926 2040 3980 magnam
2080 3908 2412 3966 ecclesiam.
2441 3912 2514 3965 ut

246 3986 545 4040 sarcinam
584 3987 817 4058 portari
856 3991 1159 4057 tyrannus
1198 3985 1388 4042 iussit.
1465 3985 1557 4041 Ibi
1598 3984 1865 4057 quodam
1905 3983 2175 4052 crimina,
2225 3996 2388 4054 quae
2426 3974 2612 4038 111125

248 4056 688 4128 obiciebantur,
745 4060 1043 4115 recitante
1100 4074 1305 4114 coram
1356 4056 1746 4114 multitudine
1801 4070 2031 4127 magna
2088 4069 2163 4110 ea
2202 4054 2280 4112 de
2321 4069 2514 4111 causa

248 4137 585 4187 convocata
635 4138 695 4189 et
731 4132 964 4196 Niceta‚
1017 4147 1181 4187 novo
1234 4131 1602 4203 patriarcha,
1655 4131 1717 4186 in
1767 4130 1917 4185 solio
1977 4127 2230 4188 sedente
2283 4127 2513 4199 illaque

248 4203 644 4269 auscultante,
685 4205 783 4261 ille
809 4204 1004 4277 alapis
1031 4204 1311 4259 caeditur
1337 4220 1412 4259 ae
1441 4205 1547 4258 diu
1574 4205 1658 4258 ita
1685 4203 2039 4274 exagitatus
2075 4200 2324 4258 tandein
2367 4215 2514 4256 ana·

248 4272 510 4331 themate
549 4284 817 4347 notatur,
858 4277 1209 4347 evulsisque
1249 4276 1482 4347 capillis'
1522 4281 1583 4332 ct
1619 4273 1814 4330 barba
1853 4280 1913 4331 ct
1939 4272 2282 4345 superciliis
2321 4278 2513 4345 atque

249 4345 416 4400 asino
455 4349 821 4421 importatus
857 4349 1017 4404 ludis
1038 4348 1426 4405 Circensibus
1466 4348 1527 4404 iu
1555 4348 1859 4405 theatrum
1887 4346 2300 4404 introducitur
2337 4347 2512 4416 ino·

248 4416 626 4494 miniosoque
678 4422 984 4496 triumpho
1026 4422 1388 4493 conspuitur
1432 4425 1494 4479 et
1530 4420 1789 4493 pulvere
1839 4420 2288 4494 conspergitur.
2416 4416 2615 4477 ost26
