<?xml version="1.0" encoding="UTF-8"?>
<!DOCTYPE html PUBLIC "-//W3C//DTD XHTML 1.0 Transitional//EN"
    "http://www.w3.org/TR/xhtml1/DTD/xhtml1-transitional.dtd">
<html xmlns="http://www.w3.org/1999/xhtml" xml:lang="en" lang="en">
 <head>
  <title>
</title>
<meta http-equiv="Content-Type" content="text/html;charset=utf-8" />
  <meta name='ocr-system' content='tesseract 3.04.00' />
  <meta name='ocr-capabilities' content='ocr_page ocr_carea ocr_par ocr_line ocrx_word'/>
</head>
<body>
  <div class='ocr_page' id='page_1' title='image "./corpusscriptoru13berlgoog_0363.png"; bbox 0 0 2870 4966; ppageno 0'>
   <div class='ocr_carea' id='block_1_1' title="bbox 432 370 2105 471">
    <p class='ocr_par' dir='ltr' id='par_1_1' title="bbox 432 370 2105 471">
     <span class='ocr_line' id='line_1_1' title="bbox 432 370 2105 471; baseline 0.001 -13"><span class='ocrx_word' id='word_1_1' title='bbox 432 394 543 458; x_wconf 65' lang='grc' dir='ltr'><strong><em>εκ</em></strong></span> <span class='ocrx_word' id='word_1_2' title='bbox 974 370 978 375; x_wconf 82' lang='grc'><strong>’</strong></span> <span class='ocrx_word' id='word_1_3' title='bbox 1039 394 1319 460; x_wconf 51' lang='lat' dir='ltr'><strong>zonam„</strong></span> <span class='ocrx_word' id='word_1_4' title='bbox 1357 394 1561 460; x_wconf 69' lang='lat' dir='ltr'><strong>serr.</strong></span> <span class='ocrx_word' id='word_1_5' title='bbox 1597 394 1711 459; x_wconf 86' lang='lat' dir='ltr'><strong><em>xv</em></strong></span> <span class='ocrx_word' id='word_1_6' title='bbox 1749 397 1837 471; x_wconf 85' lang='lat'><strong><em>19,</em></strong></span> <span class='ocrx_word' id='word_1_7' title='bbox 1876 396 2105 460; x_wconf 79' lang='lat'><strong>16-28.</strong></span> 
     </span>
    </p>
   </div>
   <div class='ocr_carea' id='block_1_2' title="bbox 343 570 2705 999">
    <p class='ocr_par' dir='ltr' id='par_1_2' title="bbox 343 570 2705 999">
     <span class='ocr_line' id='line_1_2' title="bbox 431 570 2702 683; baseline 0.001 -32"><span class='ocrx_word' id='word_1_8' title='bbox 431 581 582 662; x_wconf 75' lang='grc' dir='ltr'><strong><em>τοὺς</em></strong></span> <span class='ocrx_word' id='word_1_9' title='bbox 631 583 778 674; x_wconf 72' lang='grc' dir='ltr'><strong><em>περὶ</em></strong></span> <span class='ocrx_word' id='word_1_10' title='bbox 834 582 1031 655; x_wconf 74' lang='grc' dir='ltr'><strong><em>αὐτὸν</em></strong></span> <span class='ocrx_word' id='word_1_11' title='bbox 1075 582 1287 673; x_wconf 89' lang='grc' dir='ltr'><strong><em>λόγοις</em></strong></span> <span class='ocrx_word' id='word_1_12' title='bbox 1330 585 1724 675; x_wconf 75' lang='grc' dir='ltr'><strong><em>παραθήξας</em></strong></span> <span class='ocrx_word' id='word_1_13' title='bbox 1767 570 2266 674; x_wconf 81' lang='grc' dir='ltr'><strong><em>παρακλητικοῒς</em></strong></span> <span class='ocrx_word' id='word_1_14' title='bbox 2309 585 2419 657; x_wconf 71' lang='grc' dir='ltr'><strong><em>καὶ</em></strong></span> <span class='ocrx_word' id='word_1_15' title='bbox 2462 613 2702 683; x_wconf 82' lang='grc' dir='ltr'><strong><em>παρορ.</em></strong></span> 
     </span>
     <span class='ocr_line' id='line_1_3' title="bbox 429 689 2703 783; baseline 0.004 -25"><span class='ocrx_word' id='word_1_16' title='bbox 429 690 646 779; x_wconf 86' lang='grc' dir='ltr'><strong><em>μήσας</em></strong></span> <span class='ocrx_word' id='word_1_17' title='bbox 689 690 779 766; x_wconf 81' lang='grc' dir='ltr'><strong><em>είς</em></strong></span> <span class='ocrx_word' id='word_1_18' title='bbox 821 689 1107 780; x_wconf 83' lang='grc' dir='ltr'><strong><em>πόλεμον</em></strong></span> <span class='ocrx_word' id='word_1_19' title='bbox 1152 690 1569 778; x_wconf 74' lang='grc' dir='ltr'><strong><em>ἐπεισέφρησε</em></strong></span> <span class='ocrx_word' id='word_1_20' title='bbox 1612 689 1776 759; x_wconf 84' lang='grc' dir='ltr'><strong><em>κατὰ</em></strong></span> <span class='ocrx_word' id='word_1_21' title='bbox 1821 692 2181 780; x_wconf 87' lang='grc' dir='ltr'><strong><em>βαρβάρων</em></strong></span> <span class='ocrx_word' id='word_1_22' title='bbox 2222 691 2383 782; x_wconf 83' lang='grc' dir='ltr'><strong><em>μετὰ</em></strong></span> <span class='ocrx_word' id='word_1_23' title='bbox 2419 698 2703 783; x_wconf 88' lang='grc' dir='ltr'><strong><em>γενναίου</em></strong></span> 
     </span>
     <span class='ocr_line' id='line_1_4' title="bbox 343 793 2705 888; baseline 0.005 -27"><span class='ocrx_word' id='word_1_24' title='bbox 343 799 413 862; x_wconf 81' lang='grc'><strong><em>17</em></strong></span> <span class='ocrx_word' id='word_1_25' title='bbox 429 801 649 887; x_wconf 81' lang='grc' dir='ltr'><strong><em>ψυχῆς</em></strong></span> <span class='ocrx_word' id='word_1_26' title='bbox 702 796 1222 885; x_wconf 81' lang='grc' dir='ltr'><strong><em>παραστήματος,</em></strong></span> <span class='ocrx_word' id='word_1_27' title='bbox 1287 793 1397 863; x_wconf 78' lang='grc' dir='ltr'><strong><em>καὶ</em></strong></span> <span class='ocrx_word' id='word_1_28' title='bbox 1453 800 1532 885; x_wconf 86' lang='grc' dir='ltr'><strong><em>τῇ</em></strong></span> <span class='ocrx_word' id='word_1_29' title='bbox 1590 794 1809 884; x_wconf 77' lang='grc' dir='ltr'><strong><em>ἀθρόᾳ</em></strong></span> <span class='ocrx_word' id='word_1_30' title='bbox 1869 796 2195 888; x_wconf 78' lang='grc' dir='ltr'><strong><em>μεταβολῇ</em></strong></span> <span class='ocrx_word' id='word_1_31' title='bbox 2265 797 2506 887; x_wconf 76' lang='grc' dir='ltr'><strong><em>δείματι</em></strong></span> <span class='ocrx_word' id='word_1_32' title='bbox 2566 801 2705 882; x_wconf 82' lang='grc' dir='ltr'><strong><em>τοὺς</em></strong></span> 
     </span>
     <span class='ocr_line' id='line_1_5' title="bbox 429 897 2703 999; baseline 0.001 -32"><span class='ocrx_word' id='word_1_33' title='bbox 429 899 776 990; x_wconf 84' lang='grc' dir='ltr'><strong><em>πολεμίους</em></strong></span> <span class='ocrx_word' id='word_1_34' title='bbox 833 899 1091 989; x_wconf 70' lang='grc' dir='ltr'><strong><em>ἐνέβαλε</em></strong></span> <span class='ocrx_word' id='word_1_35' title='bbox 1134 906 1412 988; x_wconf 77' lang='grc' dir='ltr'><strong><em>πανικῷ,</em></strong></span> <span class='ocrx_word' id='word_1_36' title='bbox 1479 897 1590 968; x_wconf 77' lang='grc' dir='ltr'><strong><em>καὶ</em></strong></span> <span class='ocrx_word' id='word_1_37' title='bbox 1635 900 1953 991; x_wconf 80' lang='grc' dir='ltr'><strong><em>ἀνῄρηντο</em></strong></span> <span class='ocrx_word' id='word_1_38' title='bbox 1996 901 2117 991; x_wconf 78' lang='grc' dir='ltr'><strong><em>μὲν</em></strong></span> <span class='ocrx_word' id='word_1_39' title='bbox 2160 902 2435 992; x_wconf 82' lang='grc' dir='ltr'><strong><em>πλείους,</em></strong></span> <span class='ocrx_word' id='word_1_40' title='bbox 2500 906 2703 999; x_wconf 79' lang='grc' dir='ltr'><strong><em>ᾐχμα.</em></strong></span> 
     </span>
    </p>
   </div>
   <div class='ocr_carea' id='block_1_3' title="bbox 158 964 2748 1106">
    <p class='ocr_par' dir='ltr' id='par_1_3' title="bbox 158 964 2748 1106">
     <span class='ocr_line' id='line_1_6' title="bbox 158 964 2748 1106; baseline 0.003 -32"><span class='ocrx_word' id='word_1_41' title='bbox 158 964 161 969; x_wconf 66' lang='grc'><strong>’</strong></span> <span class='ocrx_word' id='word_1_42' title='bbox 228 1030 246 1083; x_wconf 73' lang='grc' dir='ltr'><strong><em>ς</em></strong></span> <span class='ocrx_word' id='word_1_43' title='bbox 343 1014 415 1074; x_wconf 79' lang='lat'><strong><em>18</em></strong></span> <span class='ocrx_word' id='word_1_44' title='bbox 430 1006 694 1077; x_wconf 66' lang='lat' dir='ltr'><strong>ausum</strong></span> <span class='ocrx_word' id='word_1_45' title='bbox 742 1007 815 1076; x_wconf 66' lang='grc' dir='ltr'><strong><em>ει</em></strong></span> <span class='ocrx_word' id='word_1_46' title='bbox 858 1005 968 1076; x_wconf 71' lang='grc' dir='ltr'><strong><em>και</em></strong></span> <span class='ocrx_word' id='word_1_47' title='bbox 1011 1005 1267 1097; x_wconf 67' lang='grc' dir='ltr'><strong><em>πλῆθος</em></strong></span> <span class='ocrx_word' id='word_1_48' title='bbox 1310 1005 1495 1075; x_wconf 67' lang='grc' dir='ltr'><strong><em>πολύ.</em></strong></span> <span class='ocrx_word' id='word_1_49' title='bbox 1586 1013 1825 1097; x_wconf 72' lang='grc' dir='ltr'><strong><em>μικροῦ</em></strong></span> <span class='ocrx_word' id='word_1_50' title='bbox 1868 1008 1940 1077; x_wconf 68' lang='grc' dir='ltr'><strong><em>οι</em></strong></span> <span class='ocrx_word' id='word_1_51' title='bbox 1969 1008 2080 1078; x_wconf 72' lang='grc' dir='ltr'><strong><em>και</em></strong></span> <span class='ocrx_word' id='word_1_52' title='bbox 2110 1009 2303 1087; x_wconf 63' lang='grc' dir='ltr'><strong><em>αὐτὸς</em></strong></span> <span class='ocrx_word' id='word_1_53' title='bbox 2333 1011 2373 1081; x_wconf 68' lang='grc' dir='ltr'><strong><em>ὅ</em></strong></span> <span class='ocrx_word' id='word_1_54' title='bbox 2403 1010 2748 1106; x_wconf 63' lang='grc' dir='ltr'><strong><em>Κροῦμος,</em></strong></span> 
     </span>
    </p>
   </div>
   <div class='ocr_carea' id='block_1_4' title="bbox 334 1110 2775 1741">
    <p class='ocr_par' dir='ltr' id='par_1_4' title="bbox 334 1110 2775 1741">
     <span class='ocr_line' id='line_1_7' title="bbox 431 1110 2703 1210; baseline 0.004 -29"><span class='ocrx_word' id='word_1_55' title='bbox 431 1111 714 1204; x_wconf 73' lang='grc' dir='ltr'><strong><em>ἀνῄρητο</em></strong></span> <span class='ocrx_word' id='word_1_56' title='bbox 760 1114 841 1182; x_wconf 79' lang='grc' dir='ltr'><strong><em>ἂν</em></strong></span> <span class='ocrx_word' id='word_1_57' title='bbox 885 1111 1148 1203; x_wconf 71' lang='grc' dir='ltr'><strong><em>βληθεὶς</em></strong></span> <span class='ocrx_word' id='word_1_58' title='bbox 1192 1110 1302 1183; x_wconf 77' lang='grc' dir='ltr'><strong><em>καὶ</em></strong></span> <span class='ocrx_word' id='word_1_59' title='bbox 1346 1118 1461 1182; x_wconf 80' lang='grc' dir='ltr'><strong><em>τοῦ</em></strong></span> <span class='ocrx_word' id='word_1_60' title='bbox 1508 1112 1705 1182; x_wconf 70' lang='grc' dir='ltr'><strong><em>ἵππου</em></strong></span> <span class='ocrx_word' id='word_1_61' title='bbox 1761 1114 2216 1205; x_wconf 75' lang='grc' dir='ltr'><strong><em>ἕκπεπτωκώς,</em></strong></span> <span class='ocrx_word' id='word_1_62' title='bbox 2282 1117 2342 1186; x_wconf 81' lang='grc' dir='ltr'><strong><em>εί</em></strong></span> <span class='ocrx_word' id='word_1_63' title='bbox 2390 1115 2483 1208; x_wconf 85' lang='grc' dir='ltr'><strong><em>μὴ</em></strong></span> <span class='ocrx_word' id='word_1_64' title='bbox 2537 1144 2703 1210; x_wconf 86' lang='grc' dir='ltr'><strong><em>περι-</em></strong></span> 
     </span>
     <span class='ocr_line' id='line_1_8' title="bbox 431 1218 2704 1310; baseline 0.004 -22"><span class='ocrx_word' id='word_1_65' title='bbox 431 1220 683 1296; x_wconf 72' lang='grc' dir='ltr'><strong><em>στάκτες</em></strong></span> <span class='ocrx_word' id='word_1_66' title='bbox 738 1218 934 1288; x_wconf 77' lang='grc' dir='ltr'><strong><em>αὐτὸν</em></strong></span> <span class='ocrx_word' id='word_1_67' title='bbox 991 1220 1054 1289; x_wconf 72' lang='grc' dir='ltr'><strong><em>οἱ</em></strong></span> <span class='ocrx_word' id='word_1_68' title='bbox 1105 1218 1252 1308; x_wconf 71' lang='grc' dir='ltr'><strong><em>περὶ</em></strong></span> <span class='ocrx_word' id='word_1_69' title='bbox 1309 1218 1506 1289; x_wconf 77' lang='grc' dir='ltr'><strong><em>αὐτὸν</em></strong></span> <span class='ocrx_word' id='word_1_70' title='bbox 1550 1220 1659 1289; x_wconf 76' lang='grc' dir='ltr'><strong><em>καὶ</em></strong></span> <span class='ocrx_word' id='word_1_71' title='bbox 1706 1221 2156 1310; x_wconf 85' lang='grc' dir='ltr'><strong><em>συνησπικότες</em></strong></span> <span class='ocrx_word' id='word_1_72' title='bbox 2201 1224 2310 1298; x_wconf 74' lang='grc' dir='ltr'><strong><em>εἷς’</em></strong></span> <span class='ocrx_word' id='word_1_73' title='bbox 2334 1223 2529 1293; x_wconf 68' lang='grc' dir='ltr'><strong><em>ἵππον</em></strong></span> <span class='ocrx_word' id='word_1_74' title='bbox 2573 1227 2704 1296; x_wconf 80' lang='grc' dir='ltr'><strong><em>ἀνέ-</em></strong></span> 
     </span>
     <span class='ocr_line' id='line_1_9' title="bbox 334 1325 2708 1418; baseline 0.002 -23"><span class='ocrx_word' id='word_1_75' title='bbox 334 1334 413 1395; x_wconf 85' lang='grc'><strong><em>,19</em></strong></span> <span class='ocrx_word' id='word_1_76' title='bbox 431 1325 634 1414; x_wconf 87' lang='grc' dir='ltr'><strong><em>λαβυν</em></strong></span> <span class='ocrx_word' id='word_1_77' title='bbox 678 1326 915 1413; x_wconf 72' lang='grc' dir='ltr'><strong><em>ἕτερον,</em></strong></span> <span class='ocrx_word' id='word_1_78' title='bbox 961 1325 1070 1394; x_wconf 74' lang='grc' dir='ltr'><strong><em>καί</em></strong></span> <span class='ocrx_word' id='word_1_79' title='bbox 1118 1329 1328 1401; x_wconf 79' lang='grc' dir='ltr'><strong><em>οὕτως</em></strong></span> <span class='ocrx_word' id='word_1_80' title='bbox 1373 1327 1580 1414; x_wconf 80' lang='grc' dir='ltr'><strong><em>ᾤχετο</em></strong></span> <span class='ocrx_word' id='word_1_81' title='bbox 1631 1327 1941 1414; x_wconf 79' lang='grc' dir='ltr'><strong><em>ἀποδράς.</em></strong></span> <span class='ocrx_word' id='word_1_82' title='bbox 2033 1328 2326 1397; x_wconf 71' lang='grc' dir='ltr'><strong><em>ἐντεῦθεν</em></strong></span> <span class='ocrx_word' id='word_1_83' title='bbox 2356 1330 2395 1397; x_wconf 80' lang='grc' dir='ltr'><strong><em>ὁ</em></strong></span> <span class='ocrx_word' id='word_1_84' title='bbox 2425 1331 2708 1418; x_wconf 82' lang='grc' dir='ltr'><strong><em>βασιλεὺς</em></strong></span> 
     </span>
     <span class='ocr_line' id='line_1_10' title="bbox 432 1430 2706 1524; baseline 0.004 -27"><span class='ocrx_word' id='word_1_85' title='bbox 432 1431 916 1518; x_wconf 81' lang='grc' dir='ltr'><strong><em>τροπαιοφόρος</em></strong></span> <span class='ocrx_word' id='word_1_86' title='bbox 960 1432 1269 1521; x_wconf 83' lang='grc' dir='ltr'><strong><em>κατέλαβε</em></strong></span> <span class='ocrx_word' id='word_1_87' title='bbox 1316 1430 1391 1498; x_wconf 80' lang='grc' dir='ltr'><strong><em>τὰ</em></strong></span> <span class='ocrx_word' id='word_1_88' title='bbox 1439 1431 1721 1519; x_wconf 87' lang='grc' dir='ltr'><strong><em>βασίλεια</em></strong></span> <span class='ocrx_word' id='word_1_89' title='bbox 1768 1435 1876 1500; x_wconf 74' lang='grc' dir='ltr'><strong><em>καὶ</em></strong></span> <span class='ocrx_word' id='word_1_90' title='bbox 1921 1434 2092 1502; x_wconf 80' lang='grc' dir='ltr'><strong><em>λείαν</em></strong></span> <span class='ocrx_word' id='word_1_91' title='bbox 2136 1436 2318 1523; x_wconf 78' lang='grc' dir='ltr'><strong><em>ἄγων</em></strong></span> <span class='ocrx_word' id='word_1_92' title='bbox 2360 1436 2602 1524; x_wconf 87' lang='grc' dir='ltr'><strong><em>πολλὴν</em></strong></span> <span class='ocrx_word' id='word_1_93' title='bbox 2635 1441 2706 1508; x_wconf 81' lang='grc' dir='ltr'><strong><em>οὗ</em></strong></span> 
     </span>
     <span class='ocr_line' id='line_1_11' title="bbox 408 1535 2775 1632; baseline 0.003 -29"><span class='ocrx_word' id='word_1_94' title='bbox 408 1536 608 1603; x_wconf 62' lang='grc' dir='ltr'><strong><em>πολὺ</em></strong></span> <span class='ocrx_word' id='word_1_95' title='bbox 649 1535 722 1603; x_wconf 80' lang='grc' dir='ltr'><strong><em>τὸ</em></strong></span> <span class='ocrx_word' id='word_1_96' title='bbox 769 1537 838 1602; x_wconf 80' lang='grc' dir='ltr'><strong><em>ἔν</em></strong></span> <span class='ocrx_word' id='word_1_97' title='bbox 881 1536 1066 1623; x_wconf 83' lang='grc' dir='ltr'><strong><em>μέσῳ</em></strong></span> <span class='ocrx_word' id='word_1_98' title='bbox 1110 1537 1220 1603; x_wconf 73' lang='grc' dir='ltr'><strong><em>καὶ</em></strong></span> <span class='ocrx_word' id='word_1_99' title='bbox 1265 1542 1377 1624; x_wconf 87' lang='grc' dir='ltr'><strong><em>τῆς</em></strong></span> <span class='ocrx_word' id='word_1_100' title='bbox 1420 1535 1584 1603; x_wconf 78' lang='grc' dir='ltr'><strong><em>κατὰ</em></strong></span> <span class='ocrx_word' id='word_1_101' title='bbox 1631 1542 1763 1604; x_wconf 85' lang='grc' dir='ltr'><strong><em>τῶν</em></strong></span> <span class='ocrx_word' id='word_1_102' title='bbox 1799 1539 2168 1625; x_wconf 80' lang='grc' dir='ltr'><strong><em>σεβασμίων</em></strong></span> <span class='ocrx_word' id='word_1_103' title='bbox 2198 1540 2469 1610; x_wconf 76' lang='grc' dir='ltr'><strong><em>εἰκόνων</em></strong></span> <span class='ocrx_word' id='word_1_104' title='bbox 2498 1542 2707 1632; x_wconf 85' lang='grc' dir='ltr'><strong><em>λύττης</em></strong></span> <span class='ocrx_word' id='word_1_105' title='bbox 2718 1573 2775 1632; x_wconf 84' lang='lat'><strong><em>10</em></strong></span> 
     </span>
     <span class='ocr_line' id='line_1_12' title="bbox 367 1638 2704 1741; baseline 0.001 -31"><span class='ocrx_word' id='word_1_106' title='bbox 367 1642 769 1741; x_wconf 74' lang='grc' dir='ltr'><strong><em>Οζάπήρξατο</em></strong></span> <span class='ocrx_word' id='word_1_107' title='bbox 786 1658 803 1677; x_wconf 87' lang='grc'><em>·</em></span> <span class='ocrx_word' id='word_1_108' title='bbox 853 1641 1012 1708; x_wconf 74' lang='grc' dir='ltr'><strong><em>ὅθεν</em></strong></span> <span class='ocrx_word' id='word_1_109' title='bbox 1060 1638 1131 1708; x_wconf 82' lang='grc' dir='ltr'><strong><em>ὁὲ</em></strong></span> <span class='ocrx_word' id='word_1_110' title='bbox 1175 1646 1252 1728; x_wconf 84' lang='grc' dir='ltr'><strong><em>τῇ</em></strong></span> <span class='ocrx_word' id='word_1_111' title='bbox 1296 1642 1496 1728; x_wconf 78' lang='grc' dir='ltr'><strong><em>μανίᾳ</em></strong></span> <span class='ocrx_word' id='word_1_112' title='bbox 1540 1641 1735 1731; x_wconf 82' lang='grc' dir='ltr'><strong><em>ταύτῃ</em></strong></span> <span class='ocrx_word' id='word_1_113' title='bbox 1785 1645 2008 1730; x_wconf 37' lang='grc' dir='ltr'><strong><em>γέγονε,</em></strong></span> <span class='ocrx_word' id='word_1_114' title='bbox 2047 1645 2325 1733; x_wconf 84' lang='grc' dir='ltr'><strong><em>κάτοχος</em></strong></span> <span class='ocrx_word' id='word_1_115' title='bbox 2372 1648 2593 1714; x_wconf 82' lang='grc' dir='ltr'><strong><em>αὐτίκα</em></strong></span> <span class='ocrx_word' id='word_1_116' title='bbox 2632 1650 2704 1737; x_wconf 76' lang='grc' dir='ltr'><strong><em>δὴ</em></strong></span> 
     </span>
    </p>
   </div>
   <div class='ocr_carea' id='block_1_5' title="bbox 264 1749 2776 2573">
    <p class='ocr_par' dir='ltr' id='par_1_5' title="bbox 434 1749 836 1836">
     <span class='ocr_line' id='line_1_13' title="bbox 434 1749 836 1836; baseline -0.002 -20"><span class='ocrx_word' id='word_1_117' title='bbox 434 1749 836 1836; x_wconf 77' lang='grc' dir='ltr'><strong><em>διηγήσομαι.</em></strong></span> 
     </span>
    </p>

    <p class='ocr_par' dir='ltr' id='par_1_6' title="bbox 342 1844 2776 2152">
     <span class='ocr_line' id='line_1_14' title="bbox 342 1844 2709 1944; baseline 0.003 -24"><span class='ocrx_word' id='word_1_118' title='bbox 342 1844 415 1920; x_wconf 76' lang='lat'><strong><em>26</em></strong></span> <span class='ocrx_word' id='word_1_119' title='bbox 624 1852 737 1939; x_wconf 78' lang='grc' dir='ltr'><strong><em>Τῷ</em></strong></span> <span class='ocrx_word' id='word_1_120' title='bbox 783 1853 909 1940; x_wconf 74' lang='grc' dir='ltr'><strong><em>ἤδη</em></strong></span> <span class='ocrx_word' id='word_1_121' title='bbox 958 1852 1215 1939; x_wconf 76' lang='grc' dir='ltr'><strong><em>ῥηθέντι</em></strong></span> <span class='ocrx_word' id='word_1_122' title='bbox 1259 1877 1372 1940; x_wconf 95' lang='grc' dir='ltr'><strong><em>μοι</em></strong></span> <span class='ocrx_word' id='word_1_123' title='bbox 1424 1860 1723 1941; x_wconf 76' lang='grc' dir='ltr'><strong><em>μοναχῷ,</em></strong></span> <span class='ocrx_word' id='word_1_124' title='bbox 1793 1855 1867 1929; x_wconf 81' lang='grc' dir='ltr'><strong><em>ὃς</em></strong></span> <span class='ocrx_word' id='word_1_125' title='bbox 1909 1854 2055 1942; x_wconf 77' lang='grc' dir='ltr'><strong><em>περὶ</em></strong></span> <span class='ocrx_word' id='word_1_126' title='bbox 2099 1857 2332 1925; x_wconf 80' lang='grc' dir='ltr'><strong><em>ἑαυτοῦ</em></strong></span> <span class='ocrx_word' id='word_1_127' title='bbox 2377 1856 2471 1932; x_wconf 79' lang='grc' dir='ltr'><strong><em>ὥς</em></strong></span> <span class='ocrx_word' id='word_1_128' title='bbox 2513 1858 2709 1944; x_wconf 81' lang='grc' dir='ltr'><strong><em>μέλλει</em></strong></span> 
     </span>
     <span class='ocr_line' id='line_1_15' title="bbox 442 1958 2710 2051; baseline 0.002 -25"><span class='ocrx_word' id='word_1_129' title='bbox 442 1965 554 2047; x_wconf 85' lang='grc' dir='ltr'><strong><em>τῆς</em></strong></span> <span class='ocrx_word' id='word_1_130' title='bbox 598 1958 917 2047; x_wconf 83' lang='grc' dir='ltr'><strong><em>βασιλείας</em></strong></span> <span class='ocrx_word' id='word_1_131' title='bbox 962 1959 1219 2025; x_wconf 78' lang='grc' dir='ltr'><strong><em>ἔσεσθαι</em></strong></span> <span class='ocrx_word' id='word_1_132' title='bbox 1265 1958 1579 2046; x_wconf 76' lang='grc' dir='ltr'><strong><em>ἐγκρατὴς</em></strong></span> <span class='ocrx_word' id='word_1_133' title='bbox 1621 1964 2086 2047; x_wconf 78' lang='grc' dir='ltr'><strong><em>προηγόρευσε,</em></strong></span> <span class='ocrx_word' id='word_1_134' title='bbox 2142 1968 2254 2049; x_wconf 87' lang='grc' dir='ltr'><strong><em>τῆς</em></strong></span> <span class='ocrx_word' id='word_1_135' title='bbox 2296 1964 2710 2051; x_wconf 80' lang='grc' dir='ltr'><strong><em>προρρήσεως</em></strong></span> 
     </span>
     <span class='ocr_line' id='line_1_16' title="bbox 437 2062 2776 2152; baseline 0.003 -22"><span class='ocrx_word' id='word_1_136' title='bbox 437 2062 772 2137; x_wconf 82' lang='grc' dir='ltr'><strong><em>άποτιννὺς</em></strong></span> <span class='ocrx_word' id='word_1_137' title='bbox 833 2063 1130 2150; x_wconf 80' lang='grc' dir='ltr'><strong><em>ἀμοιβήν,</em></strong></span> <span class='ocrx_word' id='word_1_138' title='bbox 1196 2063 1381 2149; x_wconf 79' lang='grc' dir='ltr'><strong><em>δῶρα</em></strong></span> <span class='ocrx_word' id='word_1_139' title='bbox 1430 2064 1738 2151; x_wconf 72' lang='grc' dir='ltr'><strong><em>ἐκπέμπει</em></strong></span> <span class='ocrx_word' id='word_1_140' title='bbox 1786 2066 1889 2132; x_wconf 78' lang='grc' dir='ltr'><strong><em>διά</em></strong></span> <span class='ocrx_word' id='word_1_141' title='bbox 1933 2091 2101 2141; x_wconf 88' lang='grc' dir='ltr'><strong><em>τινος</em></strong></span> <span class='ocrx_word' id='word_1_142' title='bbox 2143 2071 2276 2134; x_wconf 87' lang='grc' dir='ltr'><strong><em>τῶν</em></strong></span> <span class='ocrx_word' id='word_1_143' title='bbox 2321 2068 2710 2137; x_wconf 76' lang='grc' dir='ltr'><strong><em>οἰκειοτάτων</em></strong></span> <span class='ocrx_word' id='word_1_144' title='bbox 2724 2095 2776 2152; x_wconf 74' lang='lat'><strong><em>15</em></strong></span> 
     </span>
    </p>

    <p class='ocr_par' dir='ltr' id='par_1_7' title="bbox 341 2167 2709 2468">
     <span class='ocr_line' id='line_1_17' title="bbox 341 2167 2706 2260; baseline 0.003 -26"><span class='ocrx_word' id='word_1_145' title='bbox 341 2169 666 2255; x_wconf 73' lang='grc' dir='ltr'><strong><em>21αὒτῴ.·</em></strong></span> <span class='ocrx_word' id='word_1_146' title='bbox 732 2167 771 2234; x_wconf 84' lang='grc' dir='ltr'>ὁ</span> <span class='ocrx_word' id='word_1_147' title='bbox 820 2168 891 2236; x_wconf 83' lang='grc' dir='ltr'><strong><em>ὁὲ</em></strong></span> <span class='ocrx_word' id='word_1_148' title='bbox 934 2168 1258 2255; x_wconf 74' lang='grc' dir='ltr'><strong><em>πεμφθεὶς</em></strong></span> <span class='ocrx_word' id='word_1_149' title='bbox 1304 2168 1426 2234; x_wconf 81' lang='grc' dir='ltr'><strong><em>οὐκ</em></strong></span> <span class='ocrx_word' id='word_1_150' title='bbox 1475 2169 1702 2255; x_wconf 77' lang='grc' dir='ltr'><strong><em>ἐκείνῳ</em></strong></span> <span class='ocrx_word' id='word_1_151' title='bbox 1749 2170 2033 2256; x_wconf 78' lang='grc' dir='ltr'><strong><em>ἐνέτυχεν</em></strong></span> <span class='ocrx_word' id='word_1_152' title='bbox 2093 2169 2295 2260; x_wconf 73' lang='grc' dir='ltr'><em>(ἔφθη</em></span> <span class='ocrx_word' id='word_1_153' title='bbox 2343 2171 2467 2258; x_wconf 80' lang='grc' dir='ltr'><strong><em>γὰρ</em></strong></span> <span class='ocrx_word' id='word_1_154' title='bbox 2514 2173 2553 2240; x_wconf 84' lang='grc' dir='ltr'>ὁ</span> <span class='ocrx_word' id='word_1_155' title='bbox 2594 2196 2706 2259; x_wconf 84' lang='grc' dir='ltr'><strong><em>μο-</em></strong></span> 
     </span>
     <span class='ocr_line' id='line_1_18' title="bbox 434 2271 2707 2365; baseline 0.001 -26"><span class='ocrx_word' id='word_1_156' title='bbox 434 2272 635 2360; x_wconf 85' lang='grc' dir='ltr'><strong><em>ναχὸς</em></strong></span> <span class='ocrx_word' id='word_1_157' title='bbox 682 2272 924 2346; x_wconf 73' lang='grc' dir='ltr'><strong><em>ἐκεῖνος</em></strong></span> <span class='ocrx_word' id='word_1_158' title='bbox 968 2272 1083 2360; x_wconf 85' lang='grc' dir='ltr'><strong><em>τὴν</em></strong></span> <span class='ocrx_word' id='word_1_159' title='bbox 1140 2271 1320 2360; x_wconf 83' lang='grc' dir='ltr'><strong><em>ζωὴν</em></strong></span> <span class='ocrx_word' id='word_1_160' title='bbox 1371 2272 1860 2361; x_wconf 74' lang='grc' dir='ltr'><strong><em>μεταθέμενος),</em></strong></span> <span class='ocrx_word' id='word_1_161' title='bbox 1926 2275 2142 2362; x_wconf 71' lang='grc' dir='ltr'><strong><em>ἕτερον</em></strong></span> <span class='ocrx_word' id='word_1_162' title='bbox 2196 2273 2253 2342; x_wconf 81' lang='grc' dir='ltr'><strong><em>δ’</em></strong></span> <span class='ocrx_word' id='word_1_163' title='bbox 2303 2276 2600 2365; x_wconf 80' lang='grc' dir='ltr'><strong><em>εὑρηκὼς</em></strong></span> <span class='ocrx_word' id='word_1_164' title='bbox 2639 2284 2707 2364; x_wconf 83' lang='grc' dir='ltr'><strong><em>τῇ</em></strong></span> 
     </span>
     <span class='ocr_line' id='line_1_19' title="bbox 435 2376 2709 2468; baseline 0.001 -24"><span class='ocrx_word' id='word_1_165' title='bbox 435 2378 683 2445; x_wconf 74' lang='grc' dir='ltr'><strong><em>ἐκείνου</em></strong></span> <span class='ocrx_word' id='word_1_166' title='bbox 744 2379 1033 2465; x_wconf 70' lang='grc' dir='ltr'><strong><em>κατοικία</em></strong></span> <span class='ocrx_word' id='word_1_167' title='bbox 1092 2376 1553 2466; x_wconf 84' lang='grc' dir='ltr'><strong><em>σκηνούμενον,</em></strong></span> <span class='ocrx_word' id='word_1_168' title='bbox 1620 2378 1716 2453; x_wconf 86' lang='grc' dir='ltr'><strong><em>ὥς</em></strong></span> <span class='ocrx_word' id='word_1_169' title='bbox 1775 2379 2017 2466; x_wconf 75' lang='grc' dir='ltr'><strong><em>ἐκείνῳ,</em></strong></span> <span class='ocrx_word' id='word_1_170' title='bbox 2081 2379 2173 2468; x_wconf 85' lang='grc' dir='ltr'><strong><em>μὴ</em></strong></span> <span class='ocrx_word' id='word_1_171' title='bbox 2231 2381 2568 2468; x_wconf 85' lang='grc' dir='ltr'><strong><em>γινώσκων</em></strong></span> <span class='ocrx_word' id='word_1_172' title='bbox 2609 2380 2709 2447; x_wconf 85' lang='grc' dir='ltr'><strong><em>τὸν</em></strong></span> 
     </span>
    </p>

    <p class='ocr_par' dir='ltr' id='par_1_8' title="bbox 264 2482 2707 2573">
     <span class='ocr_line' id='line_1_20' title="bbox 264 2482 2707 2573; baseline 0.002 -23"><span class='ocrx_word' id='word_1_173' title='bbox 264 2511 274 2525; x_wconf 88' lang='grc'><em>·</em></span> <span class='ocrx_word' id='word_1_174' title='bbox 342 2483 662 2569; x_wconf 76' lang='grc' dir='ltr'><strong><em>22ὄνὸρα,</em></strong></span> <span class='ocrx_word' id='word_1_175' title='bbox 727 2483 937 2571; x_wconf 84' lang='grc' dir='ltr'><strong><em>τούτῳ</em></strong></span> <span class='ocrx_word' id='word_1_176' title='bbox 999 2482 1484 2570; x_wconf 70' lang='grc' dir='ltr'><strong><em>προσεληλύθει.</em></strong></span> <span class='ocrx_word' id='word_1_177' title='bbox 1578 2482 1617 2550; x_wconf 84' lang='grc' dir='ltr'>ὁ</span> <span class='ocrx_word' id='word_1_178' title='bbox 1673 2486 1747 2552; x_wconf 77' lang='grc' dir='ltr'><strong><em>δέ</em></strong></span> <span class='ocrx_word' id='word_1_179' title='bbox 1813 2482 1920 2572; x_wconf 83' lang='grc' dir='ltr'><strong><em>(ἦν</em></strong></span> <span class='ocrx_word' id='word_1_180' title='bbox 1978 2483 2102 2573; x_wconf 80' lang='grc' dir='ltr'><strong><em>γὰρ</em></strong></span> <span class='ocrx_word' id='word_1_181' title='bbox 2155 2485 2232 2552; x_wconf 82' lang='grc' dir='ltr'><strong><em>τὰ</em></strong></span> <span class='ocrx_word' id='word_1_182' title='bbox 2290 2491 2421 2554; x_wconf 84' lang='grc' dir='ltr'><strong><em>τῶν</em></strong></span> <span class='ocrx_word' id='word_1_183' title='bbox 2475 2490 2707 2556; x_wconf 84' lang='grc' dir='ltr'><strong><em>εἰκονο-</em></strong></span> 
     </span>
    </p>
   </div>
   <div class='ocr_carea' id='block_1_6' title="bbox 431 2699 2708 2847">
    <p class='ocr_par' dir='ltr' id='par_1_9' title="bbox 431 2699 2708 2847">
     <span class='ocr_line' id='line_1_21' title="bbox 431 2699 2708 2776; baseline 0.002 -19"><span class='ocrx_word' id='word_1_184' title='bbox 431 2701 470 2758; x_wconf 82' lang='lat'>4</span> <span class='ocrx_word' id='word_1_185' title='bbox 507 2700 574 2757; x_wconf 83' lang='grc' dir='ltr'><strong><em>οὗ</em></strong></span> <span class='ocrx_word' id='word_1_186' title='bbox 610 2701 809 2774; x_wconf 83' lang='grc' dir='ltr'><strong><em>γράφει</em></strong></span> <span class='ocrx_word' id='word_1_187' title='bbox 849 2700 1057 2773; x_wconf 83' lang='grc' dir='ltr'><strong><em>(γράφη</em></strong></span> <span class='ocrx_word' id='word_1_188' title='bbox 1101 2700 1170 2769; x_wconf 83' lang='grc' dir='ltr'><strong><em>Ε)</em></strong></span> <span class='ocrx_word' id='word_1_189' title='bbox 1207 2699 1267 2757; x_wconf 83' lang='grc' dir='ltr'><strong><em>τὸ</em></strong></span> <span class='ocrx_word' id='word_1_190' title='bbox 1298 2708 1518 2772; x_wconf 80' lang='grc' dir='ltr'><strong><em>πανικῷ</em></strong></span> <span class='ocrx_word' id='word_1_191' title='bbox 1557 2700 1794 2773; x_wconf 79' lang='grc' dir='ltr'><strong><em>ἀλλαχοῦ</em></strong></span> <span class='ocrx_word' id='word_1_192' title='bbox 1833 2701 1882 2758; x_wconf 89' lang='grc' dir='ltr'><strong>Ε</strong></span> <span class='ocrx_word' id='word_1_193' title='bbox 2100 2702 2170 2758; x_wconf 86' lang='grc'><strong><em>13</em></strong></span> <span class='ocrx_word' id='word_1_194' title='bbox 2205 2704 2355 2767; x_wconf 84' lang='grc' dir='ltr'><strong><em>ὅπως</em></strong></span> <span class='ocrx_word' id='word_1_195' title='bbox 2390 2704 2424 2759; x_wconf 81' lang='grc' dir='ltr'><strong><em>ό</em></strong></span> <span class='ocrx_word' id='word_1_196' title='bbox 2451 2704 2708 2776; x_wconf 77' lang='grc' dir='ltr'><strong><em>Ἀρμένιος</em></strong></span> 
     </span>
     <span class='ocr_line' id='line_1_22' title="bbox 434 2773 2250 2847; baseline 0.002 -16"><span class='ocrx_word' id='word_1_197' title='bbox 434 2775 708 2847; x_wconf 78' lang='grc' dir='ltr'><strong><em>(άρμένιος</em></strong></span> <span class='ocrx_word' id='word_1_198' title='bbox 747 2773 817 2841; x_wconf 85' lang='grc' dir='ltr'><strong><em>Ο)</em></strong></span> <span class='ocrx_word' id='word_1_199' title='bbox 855 2774 1017 2830; x_wconf 80' lang='grc' dir='ltr'><strong><em>Λέων</em></strong></span> <span class='ocrx_word' id='word_1_200' title='bbox 1055 2775 1213 2830; x_wconf 72' lang='grc' dir='ltr'><strong><em>ἔθετο</em></strong></span> <span class='ocrx_word' id='word_1_201' title='bbox 1248 2782 1313 2847; x_wconf 83' lang='grc' dir='ltr'><strong><em>τῇ</em></strong></span> <span class='ocrx_word' id='word_1_202' title='bbox 1349 2781 1460 2830; x_wconf 89' lang='grc' dir='ltr'><strong><em>τῶν</em></strong></span> <span class='ocrx_word' id='word_1_203' title='bbox 1494 2774 1877 2847; x_wconf 77' lang='grc' dir='ltr'><strong><em>εἰκονομάχων</em></strong></span> <span class='ocrx_word' id='word_1_204' title='bbox 1913 2775 2111 2847; x_wconf 80' lang='grc' dir='ltr'><strong><em>αἱρέσει</em></strong></span> <span class='ocrx_word' id='word_1_205' title='bbox 2153 2775 2250 2834; x_wconf 84' lang='grc' dir='ltr'><strong><em>ΟΕ</em></strong></span> 
     </span>
    </p>
   </div>
   <div class='ocr_carea' id='block_1_7' title="bbox 540 2973 2707 3419">
    <p class='ocr_par' dir='ltr' id='par_1_10' title="bbox 540 2973 2707 3419">
     <span class='ocr_line' id='line_1_23' title="bbox 547 2973 2707 3050; baseline 0 -18"><span class='ocrx_word' id='word_1_206' title='bbox 547 2977 573 3032; x_wconf 93' lang='lat' dir='ltr'>l</span> <span class='ocrx_word' id='word_1_207' title='bbox 613 2976 1038 3048; x_wconf 85' lang='grc' dir='ltr'><strong><em>παρακλητικοῒς</em></strong></span> <span class='ocrx_word' id='word_1_208' title='bbox 1072 2975 1395 3047; x_wconf 73' lang='grc' dir='ltr'><strong><em>παραθήξας</em></strong></span> <span class='ocrx_word' id='word_1_209' title='bbox 1434 2973 1485 3032; x_wconf 94' lang='grc' dir='ltr'><strong>Ο</strong></span> <span class='ocrx_word' id='word_1_210' title='bbox 1722 2975 1759 3033; x_wconf 78' lang='grc'>2</span> <span class='ocrx_word' id='word_1_211' title='bbox 1799 2980 1939 3050; x_wconf 80' lang='lat' dir='ltr'><strong>post</strong></span> <span class='ocrx_word' id='word_1_212' title='bbox 1973 2975 2111 3034; x_wconf 81' lang='grc' dir='ltr'><strong><em>κατὰ</em></strong></span> <span class='ocrx_word' id='word_1_213' title='bbox 2150 2976 2292 3034; x_wconf 84' lang='lat' dir='ltr'><strong>add.</strong></span> <span class='ocrx_word' id='word_1_214' title='bbox 2331 2984 2440 3035; x_wconf 86' lang='grc' dir='ltr'><strong><em>τῶν</em></strong></span> <span class='ocrx_word' id='word_1_215' title='bbox 2477 2973 2707 3050; x_wconf 80' lang='lat' dir='ltr'><strong>prDi</strong></span> 
     </span>
     <span class='ocr_line' id='line_1_24' title="bbox 540 3046 2706 3125; baseline 0 -19"><span class='ocrx_word' id='word_1_216' title='bbox 540 3050 574 3106; x_wconf 82' lang='lat'>4</span> <span class='ocrx_word' id='word_1_217' title='bbox 612 3058 830 3121; x_wconf 78' lang='grc' dir='ltr'><strong><em>πανικῷ</em></strong></span> <span class='ocrx_word' id='word_1_218' title='bbox 871 3066 987 3106; x_wconf 85' lang='lat' dir='ltr'><strong>om.</strong></span> <span class='ocrx_word' id='word_1_219' title='bbox 1026 3047 1075 3106; x_wconf 93' lang='grc' dir='ltr'><strong>Ο</strong></span> <span class='ocrx_word' id='word_1_220' title='bbox 1262 3050 1294 3107; x_wconf 80' lang='grc'><strong>7</strong></span> <span class='ocrx_word' id='word_1_221' title='bbox 1332 3049 1593 3121; x_wconf 82' lang='grc' dir='ltr'><strong><em>ἀνέλαβον</em></strong></span> <span class='ocrx_word' id='word_1_222' title='bbox 1630 3046 1680 3104; x_wconf 86' lang='grc' dir='ltr'>Α</span> <span class='ocrx_word' id='word_1_223' title='bbox 1686 3091 1704 3117; x_wconf 85' lang='grc'><strong><em>,</em></strong></span> <span class='ocrx_word' id='word_1_224' title='bbox 1742 3048 1791 3104; x_wconf 92' lang='grc' dir='ltr'>Β</span> <span class='ocrx_word' id='word_1_225' title='bbox 1832 3066 1988 3107; x_wconf 83' lang='lat' dir='ltr'><strong>corr.</strong></span> <span class='ocrx_word' id='word_1_226' title='bbox 2028 3067 2107 3108; x_wconf 79' lang='lat' dir='ltr'><strong><em>ex</em></strong></span> <span class='ocrx_word' id='word_1_227' title='bbox 2146 3051 2422 3124; x_wconf 80' lang='grc' dir='ltr'><strong><em>ἀνέβαλον,</em></strong></span> <span class='ocrx_word' id='word_1_228' title='bbox 2459 3051 2706 3125; x_wconf 78' lang='grc' dir='ltr'><strong><em>ἀνέβαλον</em></strong></span> 
     </span>
     <span class='ocr_line' id='line_1_25' title="bbox 542 3120 2705 3196; baseline 0 -17"><span class='ocrx_word' id='word_1_229' title='bbox 542 3120 784 3196; x_wconf 79' lang='lat' dir='ltr'><strong><em>prDi</em></strong></span> <span class='ocrx_word' id='word_1_230' title='bbox 930 3123 964 3178; x_wconf 82' lang='grc'><strong>9</strong></span> <span class='ocrx_word' id='word_1_231' title='bbox 1003 3124 1366 3195; x_wconf 83' lang='grc' dir='ltr'><strong><em>τροπαιφόρος</em></strong></span> <span class='ocrx_word' id='word_1_232' title='bbox 1404 3122 1536 3195; x_wconf 77' lang='lat' dir='ltr'><strong><em>w*p</em></strong></span> <span class='ocrx_word' id='word_1_233' title='bbox 1575 3123 1786 3179; x_wconf 80' lang='lat' dir='ltr'><strong>invitis</strong></span> <span class='ocrx_word' id='word_1_234' title='bbox 1823 3122 1933 3180; x_wconf 87' lang='lat' dir='ltr'><strong><em>AR</em></strong></span> <span class='ocrx_word' id='word_1_235' title='bbox 2081 3124 2151 3179; x_wconf 92' lang='lat'><strong><em>10</em></strong></span> <span class='ocrx_word' id='word_1_236' title='bbox 2186 3125 2356 3196; x_wconf 80' lang='grc' dir='ltr'><strong><em>ἁγίων</em></strong></span> <span class='ocrx_word' id='word_1_237' title='bbox 2395 3123 2445 3182; x_wconf 92' lang='grc' dir='ltr'><strong>Ο</strong></span> <span class='ocrx_word' id='word_1_238' title='bbox 2480 3126 2583 3183; x_wconf 87' lang='lat' dir='ltr'><strong><em>Wo</em></strong></span> <span class='ocrx_word' id='word_1_239' title='bbox 2615 3125 2705 3180; x_wconf 82' lang='lat' dir='ltr'><strong>lat.</strong></span> 
     </span>
     <span class='ocr_line' id='line_1_26' title="bbox 544 3196 2705 3270; baseline 0 -18"><span class='ocrx_word' id='word_1_240' title='bbox 544 3198 606 3253; x_wconf 84' lang='lat'><strong><em>11</em></strong></span> <span class='ocrx_word' id='word_1_241' title='bbox 639 3196 719 3252; x_wconf 82' lang='lat' dir='ltr'><strong><em>ad</em></strong></span> <span class='ocrx_word' id='word_1_242' title='bbox 746 3204 809 3268; x_wconf 77' lang='grc' dir='ltr'><strong><em>τῇ</em></strong></span> <span class='ocrx_word' id='word_1_243' title='bbox 845 3196 1334 3260; x_wconf 73' lang='lat' dir='ltr'><strong>Woasteriseum</strong></span> <span class='ocrx_word' id='word_1_244' title='bbox 1371 3196 1512 3252; x_wconf 84' lang='lat' dir='ltr'><strong>add.</strong></span> <span class='ocrx_word' id='word_1_245' title='bbox 1542 3196 1605 3253; x_wconf 89' lang='lat' dir='ltr'><strong><em>in</em></strong></span> <span class='ocrx_word' id='word_1_246' title='bbox 1632 3196 1681 3253; x_wconf 82' lang='grc' dir='ltr'>Ε</span> <span class='ocrx_word' id='word_1_247' title='bbox 1796 3196 1862 3252; x_wconf 79' lang='lat'><strong><em>13</em></strong></span> <span class='ocrx_word' id='word_1_248' title='bbox 1887 3196 2049 3254; x_wconf 81' lang='grc' dir='ltr'><strong><em>αὐτοῦ</em></strong></span> <span class='ocrx_word' id='word_1_249' title='bbox 2074 3196 2225 3270; x_wconf 85' lang='lat' dir='ltr'><strong>pr</strong></span> <span class='ocrx_word' id='word_1_250' title='bbox 2337 3196 2435 3270; x_wconf 80' lang='grc' dir='ltr'><strong><em>ὥς]</em></strong></span> <span class='ocrx_word' id='word_1_251' title='bbox 2461 3200 2538 3254; x_wconf 82' lang='grc' dir='ltr'><strong><em>ὅτι</em></strong></span> <span class='ocrx_word' id='word_1_252' title='bbox 2568 3197 2705 3269; x_wconf 85' lang='lat' dir='ltr'><strong>pr</strong></span> 
     </span>
     <span class='ocr_line' id='line_1_27' title="bbox 542 3267 2707 3345; baseline 0 -19"><span class='ocrx_word' id='word_1_253' title='bbox 542 3270 611 3326; x_wconf 87' lang='lat'><strong><em>14</em></strong></span> <span class='ocrx_word' id='word_1_254' title='bbox 648 3271 865 3326; x_wconf 72' lang='grc' dir='ltr'><strong><em>ἔσεσθαι</em></strong></span> <span class='ocrx_word' id='word_1_255' title='bbox 899 3276 991 3343; x_wconf 85' lang='grc' dir='ltr'><strong><em>τῆς</em></strong></span> <span class='ocrx_word' id='word_1_256' title='bbox 1014 3269 1283 3342; x_wconf 85' lang='grc' dir='ltr'><strong><em>βασιλείας</em></strong></span> <span class='ocrx_word' id='word_1_257' title='bbox 1321 3267 1377 3325; x_wconf 91' lang='lat' dir='ltr'>D</span> <span class='ocrx_word' id='word_1_258' title='bbox 1529 3269 1598 3327; x_wconf 74' lang='lat'><strong><em>15</em></strong></span> <span class='ocrx_word' id='word_1_259' title='bbox 1634 3269 1868 3342; x_wconf 81' lang='grc' dir='ltr'><strong><em>ἀμοιβάς</em></strong></span> <span class='ocrx_word' id='word_1_260' title='bbox 1906 3270 1954 3326; x_wconf 92' lang='grc' dir='ltr'>Β</span> <span class='ocrx_word' id='word_1_261' title='bbox 2105 3272 2174 3327; x_wconf 88' lang='grc'><strong><em>18</em></strong></span> <span class='ocrx_word' id='word_1_262' title='bbox 2210 3273 2458 3344; x_wconf 79' lang='grc' dir='ltr'><strong><em>κστοικίᾳ</em></strong></span> <span class='ocrx_word' id='word_1_263' title='bbox 2497 3267 2707 3345; x_wconf 75' lang='lat' dir='ltr'><strong>w*pDi</strong></span> 
     </span>
     <span class='ocr_line' id='line_1_28' title="bbox 540 3341 2706 3419; baseline 0 -20"><span class='ocrx_word' id='word_1_264' title='bbox 540 3344 749 3400; x_wconf 70' lang='lat' dir='ltr'><strong>invitis</strong></span> <span class='ocrx_word' id='word_1_265' title='bbox 787 3342 897 3399; x_wconf 80' lang='lat' dir='ltr'><strong>Alt</strong></span> <span class='ocrx_word' id='word_1_266' title='bbox 1043 3343 1121 3404; x_wconf 85' lang='grc' dir='ltr'><strong><em>ὥς</em></strong></span> <span class='ocrx_word' id='word_1_267' title='bbox 1157 3343 1367 3400; x_wconf 68' lang='grc' dir='ltr'><strong><em>ἐκεῖνον</em></strong></span> <span class='ocrx_word' id='word_1_268' title='bbox 1403 3341 1454 3398; x_wconf 82' lang='grc' dir='ltr'><strong>Β</strong></span> <span class='ocrx_word' id='word_1_269' title='bbox 1600 3343 1888 3415; x_wconf 78' lang='grc' dir='ltr'><strong><em>γινώσκειν</em></strong></span> <span class='ocrx_word' id='word_1_270' title='bbox 1927 3344 1976 3400; x_wconf 82' lang='grc' dir='ltr'><strong>Ε</strong></span> <span class='ocrx_word' id='word_1_271' title='bbox 2125 3344 2195 3401; x_wconf 87' lang='grc'><strong><em>19</em></strong></span> <span class='ocrx_word' id='word_1_272' title='bbox 2235 3345 2630 3419; x_wconf 74' lang='grc' dir='ltr'><strong><em>προςελήλυθεν</em></strong></span> <span class='ocrx_word' id='word_1_273' title='bbox 2663 3342 2706 3399; x_wconf 87' lang='grc' dir='ltr'>Ε</span> 
     </span>
    </p>
   </div>
   <div class='ocr_carea' id='block_1_8' title="bbox 332 3558 2707 4583">
    <p class='ocr_par' dir='ltr' id='par_1_11' title="bbox 340 3558 2707 3706">
     <span class='ocr_line' id='line_1_29' title="bbox 340 3558 2707 3633; baseline -0.002 -15"><span class='ocrx_word' id='word_1_274' title='bbox 340 3559 408 3618; x_wconf 85' lang='grc'><strong><em>17</em></strong></span> <span class='ocrx_word' id='word_1_275' title='bbox 429 3563 597 3618; x_wconf 90' lang='lat' dir='ltr'><strong>tatur</strong></span> <span class='ocrx_word' id='word_1_276' title='bbox 615 3565 804 3633; x_wconf 90' lang='lat' dir='ltr'><strong>atque</strong></span> <span class='ocrx_word' id='word_1_277' title='bbox 823 3558 1075 3632; x_wconf 75' lang='lat' dir='ltr'><strong>impellit</strong></span> <span class='ocrx_word' id='word_1_278' title='bbox 1096 3564 1157 3616; x_wconf 90' lang='lat' dir='ltr'><strong><em>et</em></strong></span> <span class='ocrx_word' id='word_1_279' title='bbox 1181 3558 1487 3617; x_wconf 88' lang='lat' dir='ltr'><strong>barbaros</strong></span> <span class='ocrx_word' id='word_1_280' title='bbox 1513 3559 1754 3617; x_wconf 80' lang='lat' dir='ltr'><strong>fortiter</strong></span> <span class='ocrx_word' id='word_1_281' title='bbox 1781 3558 2166 3632; x_wconf 81' lang='lat' dir='ltr'><strong>aggreditur,</strong></span> <span class='ocrx_word' id='word_1_282' title='bbox 2194 3565 2255 3618; x_wconf 91' lang='lat' dir='ltr'><strong><em>et</em></strong></span> <span class='ocrx_word' id='word_1_283' title='bbox 2281 3559 2487 3618; x_wconf 88' lang='lat' dir='ltr'><strong>hostes</strong></span> <span class='ocrx_word' id='word_1_284' title='bbox 2512 3558 2707 3617; x_wconf 85' lang='lat' dir='ltr'><strong>subita</strong></span> 
     </span>
     <span class='ocr_line' id='line_1_30' title="bbox 429 3633 2705 3706; baseline -0.002 -15"><span class='ocrx_word' id='word_1_285' title='bbox 429 3634 837 3691; x_wconf 77' lang='lat' dir='ltr'><strong>conversione</strong></span> <span class='ocrx_word' id='word_1_286' title='bbox 875 3634 1353 3706; x_wconf 76' lang='lat' dir='ltr'><strong>perterrefactos</strong></span> <span class='ocrx_word' id='word_1_287' title='bbox 1389 3634 1663 3692; x_wconf 86' lang='lat' dir='ltr'><strong>maxima</strong></span> <span class='ocrx_word' id='word_1_288' title='bbox 1702 3649 1781 3691; x_wconf 89' lang='lat' dir='ltr'><strong><em>ex</em></strong></span> <span class='ocrx_word' id='word_1_289' title='bbox 1822 3633 2010 3706; x_wconf 86' lang='lat' dir='ltr'><strong>parte</strong></span> <span class='ocrx_word' id='word_1_290' title='bbox 2046 3633 2250 3691; x_wconf 86' lang='lat' dir='ltr'><strong>caedit</strong></span> <span class='ocrx_word' id='word_1_291' title='bbox 2300 3644 2705 3706; x_wconf 85' lang='lat' dir='ltr'><strong>magnamque</strong></span> 
     </span>
    </p>

    <p class='ocr_par' dir='ltr' id='par_1_12' title="bbox 340 3704 2706 3851">
     <span class='ocr_line' id='line_1_31' title="bbox 340 3704 2706 3779; baseline -0.002 -16"><span class='ocrx_word' id='word_1_292' title='bbox 340 3705 410 3764; x_wconf 75' lang='lat'><strong><em>18</em></strong></span> <span class='ocrx_word' id='word_1_293' title='bbox 426 3706 879 3763; x_wconf 77' lang='lat' dir='ltr'><strong>multitudinem</strong></span> <span class='ocrx_word' id='word_1_294' title='bbox 909 3722 980 3763; x_wconf 88' lang='lat' dir='ltr'><strong><em>ca</em></strong></span> <span class='ocrx_word' id='word_1_295' title='bbox 1008 3708 1089 3762; x_wconf 70' lang='lat' dir='ltr'><strong>iit.</strong></span> <span class='ocrx_word' id='word_1_296' title='bbox 1155 3704 1283 3766; x_wconf 85' lang='lat' dir='ltr'><strong><em>Nec</em></strong></span> <span class='ocrx_word' id='word_1_297' title='bbox 1310 3707 1568 3763; x_wconf 86' lang='lat' dir='ltr'><strong>multum</strong></span> <span class='ocrx_word' id='word_1_298' title='bbox 1606 3706 1781 3775; x_wconf 78' lang='lat' dir='ltr'><strong>afuit,</strong></span> <span class='ocrx_word' id='word_1_299' title='bbox 1820 3706 1968 3778; x_wconf 86' lang='lat' dir='ltr'><strong>quin</strong></span> <span class='ocrx_word' id='word_1_300' title='bbox 1998 3708 2132 3779; x_wconf 85' lang='lat' dir='ltr'><strong>ipse</strong></span> <span class='ocrx_word' id='word_1_301' title='bbox 2169 3705 2430 3764; x_wconf 87' lang='lat' dir='ltr'><strong>Crumus</strong></span> <span class='ocrx_word' id='word_1_302' title='bbox 2460 3705 2706 3763; x_wconf 87' lang='lat' dir='ltr'><strong>vulnere</strong></span> 
     </span>
     <span class='ocr_line' id='line_1_32' title="bbox 427 3777 2706 3851; baseline -0.003 -15"><span class='ocrx_word' id='word_1_303' title='bbox 427 3786 686 3850; x_wconf 87' lang='lat' dir='ltr'><strong>accepto</strong></span> <span class='ocrx_word' id='word_1_304' title='bbox 714 3795 875 3849; x_wconf 87' lang='lat' dir='ltr'><strong>equo</strong></span> <span class='ocrx_word' id='word_1_305' title='bbox 904 3779 980 3834; x_wconf 87' lang='lat' dir='ltr'><strong><em>de</em></strong></span> <span class='ocrx_word' id='word_1_306' title='bbox 1006 3787 1193 3851; x_wconf 76' lang='lat' dir='ltr'><strong>apsus</strong></span> <span class='ocrx_word' id='word_1_307' title='bbox 1221 3780 1624 3849; x_wconf 76' lang='lat' dir='ltr'><strong>occideretur,</strong></span> <span class='ocrx_word' id='word_1_308' title='bbox 1664 3780 1779 3835; x_wconf 79' lang='lat' dir='ltr'><strong>nisi</strong></span> <span class='ocrx_word' id='word_1_309' title='bbox 1820 3778 2111 3836; x_wconf 75' lang='lat' dir='ltr'><strong>satellites</strong></span> <span class='ocrx_word' id='word_1_310' title='bbox 2139 3778 2494 3850; x_wconf 84' lang='lat' dir='ltr'><strong>conglobati</strong></span> <span class='ocrx_word' id='word_1_311' title='bbox 2529 3777 2706 3834; x_wconf 85' lang='lat' dir='ltr'><strong>scutis</strong></span> 
     </span>
    </p>

    <p class='ocr_par' dir='ltr' id='par_1_13' title="bbox 338 3850 2706 4141">
     <span class='ocr_line' id='line_1_33' title="bbox 338 3850 2706 3925; baseline -0.003 -16"><span class='ocrx_word' id='word_1_312' title='bbox 338 3851 407 3909; x_wconf 81' lang='lat'><strong><em>19</em></strong></span> <span class='ocrx_word' id='word_1_313' title='bbox 428 3858 707 3925; x_wconf 83' lang='lat' dir='ltr'><strong>protecto</strong></span> <span class='ocrx_word' id='word_1_314' title='bbox 748 3860 809 3908; x_wconf 87' lang='lat' dir='ltr'><strong>ct</strong></span> <span class='ocrx_word' id='word_1_315' title='bbox 848 3852 1024 3908; x_wconf 87' lang='lat' dir='ltr'><strong>alteri</strong></span> <span class='ocrx_word' id='word_1_316' title='bbox 1065 3866 1226 3923; x_wconf 85' lang='lat' dir='ltr'><strong>equo</strong></span> <span class='ocrx_word' id='word_1_317' title='bbox 1266 3852 1551 3924; x_wconf 88' lang='lat' dir='ltr'><strong>imposito</strong></span> <span class='ocrx_word' id='word_1_318' title='bbox 1592 3855 1808 3924; x_wconf 80' lang='lat' dir='ltr'><strong>fugam</strong></span> <span class='ocrx_word' id='word_1_319' title='bbox 1861 3853 2266 3923; x_wconf 86' lang='lat' dir='ltr'><strong>aperuissent.</strong></span> <span class='ocrx_word' id='word_1_320' title='bbox 2341 3850 2476 3907; x_wconf 86' lang='lat' dir='ltr'><strong>Rex</strong></span> <span class='ocrx_word' id='word_1_321' title='bbox 2524 3851 2706 3921; x_wconf 83' lang='lat' dir='ltr'><strong>igitur</strong></span> 
     </span>
     <span class='ocr_line' id='line_1_34' title="bbox 427 3921 2704 3997; baseline -0.003 -16"><span class='ocrx_word' id='word_1_322' title='bbox 427 3924 812 3997; x_wconf 75' lang='lat' dir='ltr'><strong>triumphans</strong></span> <span class='ocrx_word' id='word_1_323' title='bbox 851 3938 1207 3997; x_wconf 87' lang='lat' dir='ltr'><strong>magnaque</strong></span> <span class='ocrx_word' id='word_1_324' title='bbox 1247 3923 1482 3997; x_wconf 84' lang='lat' dir='ltr'><strong>pracda</strong></span> <span class='ocrx_word' id='word_1_325' title='bbox 1521 3930 1700 3996; x_wconf 85' lang='lat' dir='ltr'><strong>parta</strong></span> <span class='ocrx_word' id='word_1_326' title='bbox 1738 3924 1976 3996; x_wconf 86' lang='lat' dir='ltr'><strong>regiam</strong></span> <span class='ocrx_word' id='word_1_327' title='bbox 2015 3924 2335 3997; x_wconf 79' lang='lat' dir='ltr'><strong>ingressus</strong></span> <span class='ocrx_word' id='word_1_328' title='bbox 2372 3939 2499 3979; x_wconf 91' lang='lat' dir='ltr'><strong><em>non</em></strong></span> <span class='ocrx_word' id='word_1_329' title='bbox 2525 3921 2704 3977; x_wconf 88' lang='lat' dir='ltr'><strong>multo</strong></span> 
     </span>
     <span class='ocr_line' id='line_1_35' title="bbox 427 3992 2705 4070; baseline -0.003 -17"><span class='ocrx_word' id='word_1_330' title='bbox 427 4001 566 4070; x_wconf 80' lang='lat' dir='ltr'><strong>post</strong></span> <span class='ocrx_word' id='word_1_331' title='bbox 602 3998 903 4054; x_wconf 80' lang='lat' dir='ltr'><strong>insaniam</strong></span> <span class='ocrx_word' id='word_1_332' title='bbox 944 4001 1161 4053; x_wconf 82' lang='lat' dir='ltr'><strong>contra</strong></span> <span class='ocrx_word' id='word_1_333' title='bbox 1198 3995 1589 4054; x_wconf 86' lang='lat' dir='ltr'><strong>venerabiles</strong></span> <span class='ocrx_word' id='word_1_334' title='bbox 1627 3996 1929 4068; x_wconf 74' lang='lat' dir='ltr'><strong>imagines</strong></span> <span class='ocrx_word' id='word_1_335' title='bbox 1974 4003 2066 4053; x_wconf 89' lang='lat' dir='ltr'><strong><em>est</em></strong></span> <span class='ocrx_word' id='word_1_336' title='bbox 2113 3997 2495 4070; x_wconf 53' lang='lat' dir='ltr'><strong>auspicatum</strong></span> <span class='ocrx_word' id='word_1_337' title='bbox 2549 3992 2705 4050; x_wconf 85' lang='lat' dir='ltr'><strong>unde</strong></span> 
     </span>
     <span class='ocr_line' id='line_1_36' title="bbox 425 4068 2041 4141; baseline -0.001 -14"><span class='ocrx_word' id='word_1_338' title='bbox 425 4086 578 4127; x_wconf 75' lang='lat' dir='ltr'><strong>vero</strong></span> <span class='ocrx_word' id='word_1_339' title='bbox 619 4071 680 4126; x_wconf 91' lang='lat' dir='ltr'><strong><em>in</em></strong></span> <span class='ocrx_word' id='word_1_340' title='bbox 720 4085 860 4127; x_wconf 81' lang='lat' dir='ltr'><strong><em>eum</em></strong></span> <span class='ocrx_word' id='word_1_341' title='bbox 902 4072 1173 4127; x_wconf 82' lang='lat' dir='ltr'><strong>furorem</strong></span> <span class='ocrx_word' id='word_1_342' title='bbox 1213 4068 1515 4140; x_wconf 75' lang='lat' dir='ltr'><strong>inciderit,</strong></span> <span class='ocrx_word' id='word_1_343' title='bbox 1555 4068 1674 4125; x_wconf 88' lang='lat' dir='ltr'><strong><em>iam</em></strong></span> <span class='ocrx_word' id='word_1_344' title='bbox 1716 4075 2041 4141; x_wconf 80' lang='lat' dir='ltr'><strong>exponam.</strong></span> 
     </span>
    </p>

    <p class='ocr_par' dir='ltr' id='par_1_14' title="bbox 333 4140 2704 4292">
     <span class='ocr_line' id='line_1_37' title="bbox 333 4140 2704 4215; baseline -0.003 -15"><span class='ocrx_word' id='word_1_345' title='bbox 333 4140 408 4200; x_wconf 79' lang='lat'><strong><em>20</em></strong></span> <span class='ocrx_word' id='word_1_346' title='bbox 452 4189 459 4198; x_wconf 93' lang='lat'><strong>.</strong></span> <span class='ocrx_word' id='word_1_347' title='bbox 608 4143 676 4199; x_wconf 81' lang='lat' dir='ltr'><strong>Ei</strong></span> <span class='ocrx_word' id='word_1_348' title='bbox 715 4144 1037 4212; x_wconf 87' lang='lat' dir='ltr'><strong>monacho,</strong></span> <span class='ocrx_word' id='word_1_349' title='bbox 1077 4159 1114 4198; x_wconf 92' lang='lat' dir='ltr'><strong>a</strong></span> <span class='ocrx_word' id='word_1_350' title='bbox 1144 4158 1266 4215; x_wconf 91' lang='lat' dir='ltr'><strong><em>quo</em></strong></span> <span class='ocrx_word' id='word_1_351' title='bbox 1295 4140 1492 4199; x_wconf 85' lang='lat' dir='ltr'><strong>Leoni</strong></span> <span class='ocrx_word' id='word_1_352' title='bbox 1533 4142 1854 4214; x_wconf 86' lang='lat' dir='ltr'><strong>imperium</strong></span> <span class='ocrx_word' id='word_1_353' title='bbox 1896 4141 2279 4214; x_wconf 84' lang='lat' dir='ltr'><strong>praedictum</strong></span> <span class='ocrx_word' id='word_1_354' title='bbox 2309 4141 2499 4198; x_wconf 78' lang='lat' dir='ltr'><strong>fuisse</strong></span> <span class='ocrx_word' id='word_1_355' title='bbox 2526 4151 2704 4211; x_wconf 88' lang='lat' dir='ltr'><strong>supra</strong></span> 
     </span>
     <span class='ocr_line' id='line_1_38' title="bbox 426 4213 2704 4292; baseline -0.003 -21"><span class='ocrx_word' id='word_1_356' title='bbox 426 4218 845 4289; x_wconf 77' lang='lat' dir='ltr'><strong>exposuimus,</strong></span> <span class='ocrx_word' id='word_1_357' title='bbox 886 4217 1151 4289; x_wconf 79' lang='lat' dir='ltr'><strong>gratiam</strong></span> <span class='ocrx_word' id='word_1_358' title='bbox 1191 4215 1502 4292; x_wconf 77' lang='lat' dir='ltr'><strong>relaturus</strong></span> <span class='ocrx_word' id='word_1_359' title='bbox 1541 4230 1652 4288; x_wconf 88' lang='lat' dir='ltr'><strong><em>per</em></strong></span> <span class='ocrx_word' id='word_1_360' title='bbox 1689 4214 1999 4287; x_wconf 88' lang='lat' dir='ltr'><strong>quendam</strong></span> <span class='ocrx_word' id='word_1_361' title='bbox 2035 4230 2114 4272; x_wconf 86' lang='lat' dir='ltr'><strong><em>ex</em></strong></span> <span class='ocrx_word' id='word_1_362' title='bbox 2142 4215 2369 4271; x_wconf 83' lang='lat' dir='ltr'><strong>intimis</strong></span> <span class='ocrx_word' id='word_1_363' title='bbox 2396 4214 2523 4271; x_wconf 79' lang='lat' dir='ltr'><strong>suis</strong></span> <span class='ocrx_word' id='word_1_364' title='bbox 2551 4213 2704 4268; x_wconf 87' lang='lat' dir='ltr'><strong>dona</strong></span> 
     </span>
    </p>

    <p class='ocr_par' dir='ltr' id='par_1_15' title="bbox 332 4286 2701 4432">
     <span class='ocr_line' id='line_1_39' title="bbox 332 4286 2700 4362; baseline -0.003 -17"><span class='ocrx_word' id='word_1_365' title='bbox 332 4289 398 4345; x_wconf 78' lang='lat'><strong><em>21</em></strong></span> <span class='ocrx_word' id='word_1_366' title='bbox 425 4290 603 4347; x_wconf 77' lang='lat' dir='ltr'><strong>misit..</strong></span> <span class='ocrx_word' id='word_1_367' title='bbox 680 4288 739 4346; x_wconf 82' lang='lat' dir='ltr'><strong><em>Is</em></strong></span> <span class='ocrx_word' id='word_1_368' title='bbox 778 4305 901 4346; x_wconf 88' lang='lat' dir='ltr'><strong><em>non</em></strong></span> <span class='ocrx_word' id='word_1_369' title='bbox 942 4290 1003 4345; x_wconf 88' lang='lat' dir='ltr'><strong><em>in</em></strong></span> <span class='ocrx_word' id='word_1_370' title='bbox 1043 4290 1243 4362; x_wconf 75' lang='lat' dir='ltr'><strong>ipsum</strong></span> <span class='ocrx_word' id='word_1_371' title='bbox 1295 4289 1527 4359; x_wconf 77' lang='lat' dir='ltr'><strong>incidit,</strong></span> <span class='ocrx_word' id='word_1_372' title='bbox 1576 4288 1806 4360; x_wconf 85' lang='lat' dir='ltr'><strong>quippe</strong></span> <span class='ocrx_word' id='word_1_373' title='bbox 1856 4288 1979 4343; x_wconf 83' lang='lat' dir='ltr'><strong><em>iam</em></strong></span> <span class='ocrx_word' id='word_1_374' title='bbox 2030 4292 2367 4358; x_wconf 75' lang='lat' dir='ltr'><strong>moi·tuun1;</strong></span> <span class='ocrx_word' id='word_1_375' title='bbox 2425 4286 2535 4344; x_wconf 88' lang='lat' dir='ltr'><strong><em>sed</em></strong></span> <span class='ocrx_word' id='word_1_376' title='bbox 2574 4298 2700 4341; x_wconf 89' lang='lat' dir='ltr'><strong>cum</strong></span> 
     </span>
     <span class='ocr_line' id='line_1_40' title="bbox 425 4359 2701 4432; baseline -0.003 -15"><span class='ocrx_word' id='word_1_377' title='bbox 425 4362 610 4418; x_wconf 89' lang='lat' dir='ltr'><strong>alium</strong></span> <span class='ocrx_word' id='word_1_378' title='bbox 650 4362 993 4419; x_wconf 83' lang='lat' dir='ltr'><strong>invenisset</strong></span> <span class='ocrx_word' id='word_1_379' title='bbox 1031 4362 1114 4419; x_wconf 88' lang='lat' dir='ltr'><strong><em>ibi</em></strong></span> <span class='ocrx_word' id='word_1_380' title='bbox 1158 4362 1554 4431; x_wconf 83' lang='lat' dir='ltr'><strong>habitantem,</strong></span> <span class='ocrx_word' id='word_1_381' title='bbox 1606 4360 1686 4416; x_wconf 80' lang='lat' dir='ltr'><strong><em>ad</em></strong></span> <span class='ocrx_word' id='word_1_382' title='bbox 1734 4360 1921 4431; x_wconf 90' lang='lat' dir='ltr'><strong>illum,</strong></span> <span class='ocrx_word' id='word_1_383' title='bbox 1973 4365 2045 4417; x_wconf 88' lang='lat' dir='ltr'><strong>ut</strong></span> <span class='ocrx_word' id='word_1_384' title='bbox 2085 4376 2267 4432; x_wconf 86' lang='lat' dir='ltr'><strong>quem</strong></span> <span class='ocrx_word' id='word_1_385' title='bbox 2315 4377 2441 4418; x_wconf 91' lang='lat' dir='ltr'><strong><em>non</em></strong></span> <span class='ocrx_word' id='word_1_386' title='bbox 2489 4359 2701 4423; x_wconf 90' lang='lat' dir='ltr'><strong>nosset,</strong></span> 
     </span>
    </p>

    <p class='ocr_par' dir='ltr' id='par_1_16' title="bbox 332 4434 2706 4583">
     <span class='ocr_line' id='line_1_41' title="bbox 332 4434 2704 4506; baseline -0.004 -14"><span class='ocrx_word' id='word_1_387' title='bbox 332 4435 405 4492; x_wconf 78' lang='lat'><strong><em>22</em></strong></span> <span class='ocrx_word' id='word_1_388' title='bbox 426 4438 702 4492; x_wconf 73' lang='lat' dir='ltr'><strong>accessit.</strong></span> <span class='ocrx_word' id='word_1_389' title='bbox 745 4435 853 4491; x_wconf 88' lang='lat' dir='ltr'><strong>llle</strong></span> <span class='ocrx_word' id='word_1_390' title='bbox 878 4451 1028 4493; x_wconf 83' lang='lat' dir='ltr'><strong>vero</strong></span> <span class='ocrx_word' id='word_1_391' title='bbox 1058 4438 1215 4501; x_wconf 82' lang='lat' dir='ltr'><strong>(erat</strong></span> <span class='ocrx_word' id='word_1_392' title='bbox 1237 4438 1398 4491; x_wconf 88' lang='lat' dir='ltr'><strong>enim</strong></span> <span class='ocrx_word' id='word_1_393' title='bbox 1428 4438 1828 4506; x_wconf 83' lang='lat' dir='ltr'><strong>oppugnator</strong></span> <span class='ocrx_word' id='word_1_394' title='bbox 1855 4434 2193 4505; x_wconf 88' lang='lat' dir='ltr'><strong>imaginum</strong></span> <span class='ocrx_word' id='word_1_395' title='bbox 2224 4434 2482 4506; x_wconf 90' lang='lat' dir='ltr'><strong>eiusque</strong></span> <span class='ocrx_word' id='word_1_396' title='bbox 2508 4436 2704 4490; x_wconf 84' lang='lat' dir='ltr'><strong>sectae</strong></span> 
     </span>
     <span class='ocr_line' id='line_1_42' title="bbox 425 4506 2706 4583; baseline 0 -19"><span class='ocrx_word' id='word_1_397' title='bbox 425 4513 857 4583; x_wconf 82' lang='lat' dir='ltr'><strong>propugnator</strong></span> <span class='ocrx_word' id='word_1_398' title='bbox 882 4508 1242 4580; x_wconf 81' lang='lat' dir='ltr'><strong>acerrimus)</strong></span> <span class='ocrx_word' id='word_1_399' title='bbox 1267 4522 1470 4580; x_wconf 88' lang='lat' dir='ltr'><strong>neque</strong></span> <span class='ocrx_word' id='word_1_400' title='bbox 1497 4522 1756 4564; x_wconf 88' lang='lat' dir='ltr'><strong>munera</strong></span> <span class='ocrx_word' id='word_1_401' title='bbox 1783 4509 2025 4579; x_wconf 86' lang='lat' dir='ltr'><strong>aceepit</strong></span> <span class='ocrx_word' id='word_1_402' title='bbox 2051 4512 2113 4564; x_wconf 88' lang='lat' dir='ltr'><strong><em>et</em></strong></span> <span class='ocrx_word' id='word_1_403' title='bbox 2141 4522 2235 4578; x_wconf 90' lang='lat' dir='ltr'><strong><em>eo,</em></strong></span> <span class='ocrx_word' id='word_1_404' title='bbox 2274 4522 2313 4564; x_wconf 94' lang='lat' dir='ltr'><strong>a</strong></span> <span class='ocrx_word' id='word_1_405' title='bbox 2351 4519 2475 4580; x_wconf 90' lang='lat' dir='ltr'><strong><em>quo</em></strong></span> <span class='ocrx_word' id='word_1_406' title='bbox 2500 4506 2706 4565; x_wconf 79' lang='lat' dir='ltr'><strong>affere.</strong></span> 
     </span>
    </p>
   </div>
   <div class='ocr_carea' id='block_1_9' title="bbox 1654 4640 2308 4928">
    <p class='ocr_par' dir='ltr' id='par_1_17' title="bbox 1654 4640 2308 4928">
     <span class='ocr_line' id='line_1_43' title="bbox 1654 4640 2308 4928; baseline 0 38"><span class='ocrx_word' id='word_1_407' title='bbox 1654 4640 2308 4928; x_wconf 95' lang='lat' dir='ltr'><strong><em> </em></strong></span> 
     </span>
    </p>
   </div>
  </div>
 </body>
</html>
