2870 4966
432 217 434 221 ’
471 239 548 315 ω’·
620 265 623 270 ·
1053 235 1329 316 zeum.
1370 241 1568 316 serr.
1608 240 1754 316 xm
1794 248 1879 332 10,
1918 242 2148 318 ιιι-ετ.

474 438 632 506 σιλεῒ
679 437 788 507 καὶ
840 437 919 506 ἵν’
967 438 1169 527 ἔχοιεν
1223 438 1294 516 έό
1347 439 1546 506 αὐτοῦ
1604 440 1785 518 ἀξίας
1839 444 1969 508 τῶν
2022 438 2247 510 πόνων
2301 438 2414 516 τὰς
2458 436 2731 530 ἀμοιβὰς

383 550 454 611 17
473 543 772 630 ἀπαιτεῖν,
841 542 950 612 καὶ
1008 544 1206 620 ἀξιῶν
1266 543 1573 620 δέξασθαι
1630 544 1744 632 τὴν
1802 551 1912 634 τῆς
1975 545 2178 632 ἀρχῆς
2241 544 2580 612 κοινωνίαν
2646 547 2731 620 εἰς
2749 562 2837 624 D]

385 656 455 713 18
474 646 789 734 ὠφέλειαν
842 647 1152 734 ἐσομένην
1202 654 1276 735 τῇ
1330 648 1623 735 πολιτείᾳ,
1693 647 2228 735 ἐπαγγελλόμενός
2289 672 2354 715 τε
2416 647 2525 716 καὶ
2586 647 2732 722 τοὺς

473 750 956 838 ἀμιλλητηρίους
1000 752 1232 825 ἵππους
1277 752 1348 828 ἐξ
1383 751 1721 839 Ἱσπανίας,
1790 754 1885 826 ὡς
1930 752 2105 838 ἔθος,
2173 751 2282 819 καὶ
2326 750 2474 826 τοὺς
2533 752 2729 819 ἐπιλέ-

282 863 338 922 Β
387 865 454 924 19
472 879 664 928 κτους
709 852 950 942 ἄνδρας
996 855 1069 921 ἐκ
1115 860 1245 922 τῶν
1279 854 1343 921 Γ
1333 856 1567 923 αλλιῶν
1609 853 1872 936 στέλλειν
1902 858 2101 942 αὐτῷ.
2191 851 2361 923 ταῦτ’
2396 857 2731 931 ἐπιστείλας
2748 873 2781 930 5

473 960 553 1026 οὔ
596 959 857 1046 βασιλέα
903 959 1129 1026 ἑαυτὸν
1175 959 1244 1026 ἐν
1287 966 1362 1047 τῇ
1410 960 1734 1049 ἐπιγραφῇ
1779 961 2299 1048 προσεγράψατο,
2368 958 2524 1026 ἀλλά
2571 959 2728 1027 Kat-

475 1088 663 1151 σαρα,
733 1065 834 1131 ἵνα
887 1063 980 1151 μὴ
1037 1069 1113 1150 τῆ
1171 1064 1494 1151 ἐπιγραφῇ·
1551 1066 1989 1152 προσοχθίσας
2046 1065 2084 1131 ὁ
2128 1064 2569 1138 Κωνστάντιος
2622 1066 2731 1152 τὴν

383 1179 455 1237 ‘20
473 1168 801 1254 ἐπιστολὴν
857 1169 1328 1255 ἀποπέμψηται.
1421 1170 1650 1256 ταύτης
1706 1176 1798 1256 τῷ
1854 1170 2099 1256 βασιλεῖ
2137 1169 2563 1255 Κωνσταντίῳ
2618 1194 2728 1236 κο-

470 1271 802 1359 μισθείσης
864 1272 1025 1339 κατὰ
1089 1273 1201 1360 τὴν
1266 1274 1335 1339 έν
1393 1273 1829 1359 Καππαδοκία
1889 1273 2273 1359 Καισάρειαν
2339 1274 2727 1361 διατρίβοντι,

382 1388 445 1444 21
473 1377 711 1450 ἐκεῖνος
756 1377 946 1443 οὐδὲν
990 1378 1099 1442 ὑπ’
1148 1378 1345 1465 ἀργῆς
1391 1379 1789 1463 ἀπεκρίνατο.
1881 1378 2036 1444 ἀλλὰ
2083 1378 2195 1464 τὴν
2238 1378 2358 1463 μὲν
2412 1380 2730 1464 στρατείαν
2755 1396 2813 1453 10

472 1478 633 1545 κατὰ
667 1479 947 1565 Περσῶν
976 1486 1105 1555 τοΐς
1135 1482 1538 1568 στρατιώταις
1585 1484 1872 1568 ἐκήρυξε,
1918 1482 2083 1568 πρὸς
2130 1483 2199 1547 δὲ
2246 1482 2354 1548 τὸν
2390 1481 2730 1548 Ἰουλιανὸν

473 1585 745 1650 Λεωνάν
789 1585 899 1651 τὸν
943 1587 1339 1672 κοιαίστωρα
1377 1586 1658 1672 ἔστειλεν,
1730 1587 2069 1661 ἐπιστείλας
2123 1588 2302 1671 αὐτῷ’
2356 1586 2465 1653 καὶ
2520 1588 2728 1652 ἀἰτιώ-

471 1712 666 1774 μενος
711 1688 803 1755 ὅτι
845 1688 938 1776 μὴ
988 1691 1268 1777 ἀνέμεινε
1313 1689 1426 1779 τὴν
1469 1692 1734 1777 γνώμην
1770 1691 1986 1767 αὐτοῦ,
2057 1691 2165 1757 καὶ
2212 1692 2299 1764 εἰς
2345 1692 2528 1778 ὕβριν
2574 1692 2727 1757 ἐκεί-

474 1816 591 1885 νου
634 1792 878 1879 μάλλον
923 1795 1182 1880 ἀνάγων
1228 1797 1267 1881 ἢ
1316 1795 1545 1870 ἑαυτοῦ
1592 1794 1663 1860 τὸ
1707 1794 1800 1882 μὴ
1858 1796 2054 1881 κρίσει
2109 1801 2222 1862 τοῦ
2277 1793 2389 1882 τὴν
2443 1795 2729 1871 ἐξουσίαν

475 1897 747 1983 ἔχοντος,
794 1893 927 1963 ἀλλ’
976 1898 1229 1984 ἀτάκτῳ
1275 1898 1552 1985 θορύβῳ
1599 1904 1999 1985 στρατιωτῶν
2032 1899 2337 1975 δέξασθαι
2385 1897 2577 1964 αὐτὸν
2620 1898 2729 1985 τὴν
2750 1915 2804 1973 15

406 2019 453 2080 c
472 2006 586 2066 τοῦ
632 2001 1009 2086 Αὐγούστου
1066 2002 1305 2089 κλῆσιν,
1376 2003 1485 2068 καὶ
1533 2003 1995 2090 συμβουλεύων
2041 2002 2435 2089 ἀποσχέσθαι
2483 2008 2593 2067 τοῦ
2638 2002 2725 2089 μὴ

474 2214 544 2273 15
579 2215 666 2272 οἶα
701 2216 859 2280 αὖθις
893 2216 1124 2292 §myrum
1161 2226 1238 2290 τῷ
1271 2202 1550 2290 ’Ῐουλιανῷ
1588 2218 1621 2274 ὅ
1655 2218 2025 2280 Κωνστάντιος
2063 2202 2160 2276 ΟΕ

580 2429 616 2488 2
652 2431 743 2489 καὶ
782 2447 897 2491 σω.
936 2431 1092 2506 pr
1361 2431 1396 2488 3
1435 2452 1488 2488 u
1526 2430 1750 2506 Apr,
1808 2448 1866 2490 v.
1907 2430 2053 2489 XIII
2093 2433 2178 2504 11,
2216 2431 2303 2489 20.
2345 2431 2431 2499 14,
2471 2430 2555 2488 10.
2593 2428 2727 2488 XIV
2792 2473 2796 2477 .

582 2505 668 2575 12,
706 2506 756 2575 9,
815 2505 874 2561 δὲ
919 2503 1006 2561 Di
1051 2521 1404 2578 perperaum
1461 2522 1605 2562 nam
1662 2507 1816 2562 solet
1872 2506 2143 2563 Zonaras
2198 2513 2268 2561 ut
2321 2504 2726 2576 ThucydideS,

581 2576 875 2649 Polybius
932 2578 1035 2634 alii
1091 2579 1394 2650 particula
1450 2579 1514 2633 τε
1556 2579 1875 2634 enuntiata
1933 2579 2091 2634 inter
2146 2593 2213 2635 se
2270 2579 2666 2648 coniungere.

579 2650 616 2704 4
653 2651 892 2712 ι’σπανίας
918 2650 989 2720 Α,
1029 2652 1267 2711 ίσπανιάς
1305 2648 1588 2723 RsswpDi,
1628 2667 1685 2707 v.
1707 2650 1853 2706 XIII
1883 2651 1967 2722 17,
1987 2651 2037 2706 9.
2077 2650 2215 2707 XIV
2254 2651 2303 2720 7,
2325 2654 2375 2706 8.
2414 2650 2519 2705 XV
2562 2648 2724 2719 24,1;

582 2723 791 2794 itaque
847 2723 1016 2796 apud
1071 2723 1509 2795 Theophanem
1568 2732 1650 2795 (v.
1701 2724 1823 2779 ind.
1883 2724 1960 2779 de
2010 2723 2217 2779 Beerii
2274 2738 2320 2779 s.
2371 2738 2429 2778 v.
2474 2723 2724 2788 Ἱσπανία)

574 2796 810 2852 Ἶσπανία
847 2811 973 2852 non
1013 2802 1146 2853 erat
1186 2796 1597 2853 scribendum.
1815 2795 1851 2852 5
1887 2796 2109 2868 ἐτησίως
2147 2795 2551 2867 ροειγαλλιῶν
2588 2792 2722 2849 add.

582 2866 835 2940 prDi,
892 2869 1002 2925 sed
1038 2884 1096 2925 v.
1136 2868 1439 2925 Ammian.
1476 2868 1739 2925 Marcell.
1777 2868 1891 2924 XX
1928 2870 1979 2939 8,
2022 2869 2132 2925 13.-
2197 2866 2483 2925 Similiter
2521 2866 2725 2922 addita

580 2947 724 2998 sunt
760 2942 824 2998 in
863 2942 1032 2998 libris
1071 2942 1516 2999 recentioribus
1555 2941 1701 2997 XIII
1740 2943 1826 3012 20,
1864 2944 1901 2999 3
1947 2949 2038 2998 τοῦ
2083 2941 2231 3002 ἔτους
2268 2941 2474 2997 ἐκείνου
2530 2948 2611 3011 (v.
2649 2937 2724 2994 ad

582 3013 639 3070 h.
678 3013 736 3080 l.)
880 3013 1025 3072 ταῦτ’
1052 3014 1276 3086 Apr,
1324 3023 1482 3072 ταῦτα
1520 3014 1581 3070 δὲ
1619 3014 1665 3071 Ε
1818 3016 1876 3070 11
1919 3022 2027 3071 τῶν
2064 3021 2207 3071 ante
2243 3021 2459 3085 περσῶν
2498 3012 2636 3068 add.
2667 3011 2722 3082 Β,

583 3101 640 3143 V.
678 3085 826 3143 XIII
867 3087 951 3160 13,
988 3086 1025 3144 4
1155 3087 1223 3144 12
1260 3089 1568 3158 κοιαίστορα
1607 3086 1779 3160 pr,
1820 3104 1973 3144 corr.
2012 3086 2115 3149 Dw
2250 3087 2333 3144 13.
2378 3087 2443 3143 14
2478 3085 2674 3157 μᾶλλον
2711 3087 2719 3155 ᾗ

580 3158 788 3218 ἐκείνου
827 3159 875 3216 Ε
1041 3162 1110 3216 14
1145 3160 1246 3218 ἀνά
1279 3181 1360 3217 ων
1398 3161 1431 3234 ἢ
1471 3162 1659 3216 ἑαυτοῦ
1695 3168 1788 3216 τοῦ
1825 3159 1896 3231 Α,
1917 3161 2145 3234 ’ἀνάγων
2182 3160 2442 3234 ἢ·ἕαυτοΰ
2481 3158 2538 3214 τὸ
2575 3153 2721 3227 RDi,

581 3232 615 3305 ἢ
653 3232 845 3290 ἑαυτοῦ
880 3232 1095 3307 ἀνάγων
1132 3233 1190 3290 τὸ
1292 3250 1384 3306 wp

372 3458 450 3521 17
471 3444 580 3508 sed
619 3446 734 3506 sub
774 3463 940 3522 reg-e,
980 3463 1019 3508 a
1057 3463 1180 3523 quo
1220 3453 1470 3523 possent
1495 3445 1687 3523 dIgna
1710 3446 2027 3507 laboribus
2054 3448 2250 3523 pretia
2277 3453 2513 3524 petere3
2554 3459 2721 3505 orare

376 3533 452 3593 18
472 3526 542 3580 ut
578 3522 888 3596 acciperet
938 3522 1176 3596 imperii
1215 3522 1705 3580 communionem
1743 3520 1951 3579 utilem
1991 3525 2262 3581 suturam
2301 3522 2551 3593 civitati,
2608 3518 2720 3594 pol-

471 3594 640 3652 liceri
680 3611 745 3652 se
784 3599 845 3654 et
884 3596 1163 3668 pernices
1201 3612 1395 3669 equos
1434 3612 1513 3652 cx
1548 3594 1863 3722 Hispania,
1901 3599 1971 3652 ut
2008 3611 2157 3664 mos,
2204 3601 2265 3654 ct
2303 3596 2527 3653 electos
2567 3596 2720 3650 viros

375 3678 452 3738 19
472 3682 551 3725 ex
591 3668 803 3725 Galliis
843 3669 1167 3726 missurum
1208 3683 1341 3726 esse
1381 3669 1454 3726 ei.
1533 3669 1647 3736 Qui
1675 3681 1767 3724 »us
1807 3666 2021 3724 litteris
2059 3669 2299 3742 scriptis
2348 3683 2473 3726 non
2522 3678 2719 3738 regem

472 3757 539 3799 se
578 3741 638 3798 in
679 3740 853 3799 titulo
893 3742 1261 3816 ascripserat
1307 3740 1415 3799 sed
1457 3740 1798 3811 Caesarem,
1856 3754 1935 3796 ne
1985 3740 2159 3797 titulo
2210 3742 2403 3798 iratus
2443 3740 2720 3797 Constan-

246 3868 251 3872 .
372 3814 593 3885 eotius
630 3814 862 3872 litteras
901 3815 1249 3872 remitteret.
1327 3818 1501 3881 Quae
1549 3829 1687 3870 cum
1736 3811 1991 3888 epistola
2038 3813 2172 3885 regi
2212 3812 2568 3871 Constantio
2608 3811 2720 3866 lata

471 3893 632 3944 esset
670 3886 1012 3946 Caesareae
1059 3889 1120 3945 in
1170 3887 1795 3961 urbe'Cappadociae
1841 3886 2184 3958 degentem,
2242 3886 2341 3943 ille
2388 3887 2535 3942 nihil
2583 3895 2719 3957 prae

370 3972 443 4031 21
474 3960 565 4016 ira
618 3962 948 4032 respondit.
1035 3961 1157 4020 Sed
1215 3961 1609 4034 expeditione
1657 3958 1906 4016 Persica
1965 3958 2255 4015 militibus
2312 3960 2594 4016 nuntiata
2648 3952 2726 4018 ad¹

472 4031 775 4090 lulianum
815 4033 1088 4092 Leonam
1129 4042 1516 4108 quaestorem
1557 4034 1717 4089 misit
1755 4047 1893 4088 cum
1933 4031 2147 4088 litteris
2185 4029 2266 4087 ad
2304 4047 2445 4088 eum
2477 4032 2631 4088 datis
2668 4031 2720 4086 ct

472 4120 788 4177 accusans,
829 4109 995 4179 quod
1034 4123 1158 4164 non
1198 4112 1617 4179 exspectasset
1642 4107 2005 4162 sententiam
2044 4119 2218 4168 suam
2259 4119 2334 4159 ac
2372 4105 2609 4177 turpius
2646 4099 2718 4158 illi

472 4193 607 4235 esse
645 4180 950 4237 affirmans
989 4195 1174 4253 quam
1214 4182 1346 4251 sibi,
1405 4180 1571 4252 quod
1619 4195 1751 4235 non*
1794 4177 2058 4234 arbitrio⁸
2096 4177 2227 4238 eius
2268 4177 2373 4248 qui
2410 4175 2718 4250 imperium

470 4251 728 4308 liaberet
765 4253 874 4310 sed
914 4256 1171 4311 confuso
1213 4255 1479 4312 tumultu
1524 4254 1778 4310 militum
1829 4252 2167 4324 accepisset
2203 4249 2472 4322 Augusti
2510 4258 2719 4304 nomen

472 4331 534 4384 et
572 4323 856 4399 suadenS,
902 4334 970 4386 ut
1009 4329 1346 4385 abstineret
1384 4345 1421 4385 ιι
1461 4328 1706 4384 nomine
1747 4341 1871 4382 non
1909 4327 2024 4382 rite
2064 4324 2208 4382 dato
2249 4330 2308 4381 et
2346 4322 2427 4379 ad
2466 4323 2718 4395 priorem
