2870 4966
497 292 945 371 nAstmscvs
981 294 1083 366 m*
1114 276 1538 385 mzsnicvs.
1610 292 1892 366 onrrvs
1927 284 2210 368 Laome
2246 285 2291 367 1.
2411 288 2517 369 m

283 499 538 592 βούριον
579 491 754 578 παρὰ
800 496 913 558 τοῦ
958 489 1428 577 αὐτοκράτορος
1473 488 1768 575 Λέοντος,
1820 489 2118 566 θέλοντος
2158 489 2270 559 τὸν
2311 491 2517 579 &vya-
2537 495 2594 556 B

283 602 491 693 τριδὴν
521 600 715 666 αὐτοῦ
744 594 854 663 τὸν
880 593 1114 683 μικρὸν
1144 594 1387 662 Λέοντα
1417 592 1780 682 βασιλεύειν,
1825 595 2235 682 φοβουμένου
2266 594 2326 664 δ’
2358 595 2517 664 ἐκεί·
2537 601 2619 662 80

284 732 429 781 μους
490 704 583 777 ὡς
636 702 800 788 μέγα
857 699 1336 785 δεδυνημένους,
1398 698 1644 786 μήποτε
1697 703 1807 785 τῆς
1858 697 2225 787 νηπιότητος
2277 699 2519 769 ἐκείνου

285 807 867 897 καταφρονήσαντες
911 802 1024 889 τὴν
1068 802 1272 889 ἀρχὴν
1316 801 1813 890 σφετερίσωνται.

221 928 269 987 ,5
448 911 589 979 Ἐπὶ
631 908 856 975 τούτου
902 913 1013 972 τοῦ
1058 907 1366 994 βασιλέως
1411 905 1520 972 καὶ
1565 906 1605 992 ἡ
1651 904 1817 990 τιμία
1857 911 1966 993 τῆς
1995 906 2338 994 ὗπεραγίας
2365 908 2615 975 Oto-81

285 1018 470 1086 τόκου
517 1012 713 1099 ἐσθὴς
758 1012 845 1084 εἷς
889 1009 1550 1077 Κωνσταντινούπολιν
1595 1009 1908 1096 ἐκομίσθη
1965 1010 2038 1077 ἐκ
2083 1010 2519 1098 Παλαιστίνης,

285 1122 388 1191 καὶ
431 1119 702 1203 ἄπετέθη
751 1116 819 1181 ἐν
863 1121 956 1199 τῷ
1001 1109 1153 1200 παρ’
1201 1114 1396 1180 αὐτοῦ
1446 1113 1785 1201 δομηῦέντι
1835 1121 1977 1200 ναῷ
2021 1114 2089 1179 ἐν
2138 1113 2524 1200 Βλαχέρναις

288 1227 352 1294 ἐν
380 1223 655 1308 ἀργυρέᾳ
686 1225 896 1306 σορῷ·
948 1212 1027 1285 δι’
1075 1220 1156 1304 ἣν
1185 1216 1293 1284 καὶ
1323 1217 1361 1284 ὁ
1391 1216 1547 1292 ναὸς
1568 1217 1740 1304 Ἂγία
1787 1216 1981 1304 σορὸς
2023 1216 2521 1304 κατωνόμασται.

273 1402 278 1409 ,
464 1325 588 1392 Τοῦ
632 1323 1025 1409 πατριάρχου
1073 1321 1143 1388 δὲ
1187 1321 1500 1395 θανόντος
1534 1321 1915 1407 Ἂνατολίου,
1978 1323 2052 1396 ὃς
2106 1316 2205 1388 ἐπ’
2262 1323 2366 1410 ἔτη
2412 1328 2522 1411 τῆς
2540 1331 2623 1392 32

210 1446 273 1504 10
290 1430 613 1517 ἐκκλησίας
664 1429 937 1514 προέστη
995 1426 1185 1502 ὀκτώ,
1250 1425 1318 1491 Γ
1308 1426 1590 1499 εννάδιος
1643 1431 2091 1512 χειροτονεῖται.
2181 1426 2405 1494 τούτου
2452 1427 2522 1494 δὲ
2540 1435 2622 1498 38

289 1538 580 1606 ἐνιαυτοῖς
622 1530 736 1617 τὴν
780 1531 1114 1617 ἐκκλησίαν
1158 1531 1226 1596 ίθ
1234 1530 1493 1604 ύναντος
1533 1530 1688 1597 δέκα
1721 1530 1820 1596 ἐπὶ
1848 1531 2023 1616 τρισί,
2068 1530 2191 1598 καὶ.
2204 1530 2317 1618 τὴν
2347 1530 2525 1618 ζωὴν

290 1638 797 1726 ἐκμετρῆσαντος,
845 1636 1220 1722 ἀντεισήχθη
1260 1635 1570 1708 Ἂκάκιος.
2543 1643 2596 1705 c

459 1740 586 1807 Καὶ
632 1739 670 1806 ὖ
714 1737 1002 1827 βασιλεὺς
1060 1739 1129 1804 δὲ
1176 1739 1367 1805 Λέων
1419 1739 1694 1826 νοσήσας
1738 1739 2027 1825 ἐξέλιπεν,
2084 1739 2518 1807 ὀκτωκαίδεκα
2540 1750 2616 1810 84

287 1846 651 1937 βασιλεύσας
706 1843 1044 1928 ἐνιαυτούς,
1109 1841 1218 1910 τὸν
1270 1841 1504 1930 μικρὸν
1547 1843 1791 1910 Λέοντα
1851 1842 2149 1930 διάδοχον
2191 1849 2302 1932 τῆς
2343 1845 2521 1932 βασι-

213 1965 272 2024 ιῦ
289 1952 448 2024 λείας
492 1948 873 2016 καταλιπών.
965 1947 1325 2035 κεκόσμητο
1373 1948 1443 2014 δὲ
1488 1948 1596 2015 καὶ
1641 1948 1853 2020 ἄλλοις
1895 1947 2014 2034 μὲν
2057 1948 2322 2034 ἀρεταῖς,
2381 1949 2521 2015 ἐπέ·
2542 1959 2621 2019 85

290 2056 489 2141 λαμπε
535 2049 591 2118 δ’
641 2053 863 2137 ἐκείνῳ
915 2052 1179 2140 μάλιστα
1237 2052 1309 2119 τὸ
1366 2051 1796 2138 φιλοίκτιστον,
1861 2051 2113 2119 είωθότι
2177 2052 2371 2137 λέγειν
2430 2052 2524 2118 ὅτι

289 2160 544 2241 “ὤσπερ
590 2157 628 2222 ὁ
674 2157 845 2243 ἥλιος
890 2156 984 2229 οἷς
1026 2156 1372 2242 ἐπιλάμπει,
1418 2162 1529 2242 τῆς
1573 2156 1824 2242 θέρμης
1867 2156 2061 2223 αὐτοῦ
2090 2155 2524 2242 μεταδίδωσινρ

291 2264 453 2329 οὕτω
512 2263 610 2327 δεῖ
659 2261 767 2328 καὶ
828 2260 939 2327 τὸν
1000 2261 1278 2348 βασιλέα,
1343 2260 1438 2333 οἷς
1492 2263 1571 2327 ἂν
1628 2260 1956 2346 ἐπιβλέψῃ,
2020 2261 2233 2326 οἴκτου
2297 2257 2527 2333 αὐτοὺς

290 2367 499 2442 ἀξιοῦν
513 2365 569 2430 ”.

291 2554 325 2610 ὃ
358 2552 473 2624 περὶ
509 2559 599 2625 τῆς
635 2553 808 2624 τιμίας
843 2551 904 2610 έσ
982 2574 1067 2616 τος
1104 2555 1303 2626 (ζωνῆς
1328 2552 1401 2624 Ε)
1439 2560 1532 2626 τῆς
1567 2554 1826 2610 θεοτόκου
1864 2558 1928 2624 (τ.
1954 2553 2099 2610 θεοτ.
2124 2568 2238 2610 om.
2259 2550 2335 2619 A)
2370 2550 2528 2610 ACE

292 2627 324 2682 9
357 2626 474 2696 περὶ
508 2632 849 2754 πατὲαρχῶν
888 2624 933 2683 O
1144 2625 1212 2682 13
1248 2625 1458 2700 τελευτὴ
1498 2627 1726 2688 Λέοντος
1762 2632 1857 2683 τοῦ
1889 2625 2123 2698 μεγάλου
2158 2623 2312 2682 ΑΟΕ
2456 2623 2528 2683 17

291 2699 575 2771 οημείωσαι

397 2878 423 2935 1
463 2877 709 2940 θέλοντος
747 2893 862 2935 om.
901 2876 948 2936 O
1152 2878 1508 2950 θυγατριδοῦν
1543 2875 1801 2951 prDi,
1838 2876 2167 2951 θυγατριδὴν
2202 2875 2326 2947 AR,
2362 2876 2531 2948 θυγα·

393 2953 572 3023 τριδῆν
610 2951 674 3021 Ε,
716 2966 771 3006 ν.
810 2949 950 3007 XVI
987 2949 1039 3021 4,
1076 2949 1148 3007 30
1290 2952 1326 3009 3
1362 2952 1686 3021 δυναμένους
1725 2951 1771 3007 Ε
1920 2952 1956 3007 6
1991 2949 2559 3007 κωνσταντινούπολιν·

392 3023 511 3090 ΛΕ,
552 3022 647 3094 τὴν
682 3023 804 3079 νέαν
838 3022 1031 3094 ῥώμην
1068 3022 1234 3096 pr,
1273 3038 1330 3079 v.
1370 3021 1441 3080 G.
1481 3022 1555 3079 Μ.
1595 3039 1651 3095 p.
1688 3021 1919 3093 51220,
1957 3022 2275 3095 Nicephor.
2303 3020 2528 3078 callist.

392 3094 463 3151 H.
505 3094 567 3151 E.
602 3094 710 3152 XV
750 3093 821 3150 24
963 3096 999 3151 8
1035 3095 1444 3164 κατονομάζεται
1488 3095 1535 3150 Ε
1664 3094 1728 3151 ·9.
1771 3094 1840 3151 10
1872 3095 2100 3165 προέστη
2128 3115 2174 3150 τ.
2197 3093 2348 3149 ἐκκλ.
2375 3091 2527 3165 pr

392 3166 461 3221 10
495 3165 555 3220 δὲ
591 3167 762 3222 initio
801 3181 1016 3223 versus
1055 3182 1184 3224 0111..
1207 3167 1254 3222 Ε
1496 3167 1561 3223 11
1601 3167 1879 3228 ίθύναντος
1918 3166 2013 3239 τὴν
2046 3166 2334 3237 ἐκκλησίαν
2370 3163 2527 3237 pr

392 3240 458 3293 13
485 3237 544 3292 δὲ
571 3255 685 3294 om.
709 3235 762 3294 D
910 3239 977 3296 17
1015 3239 1094 3300 οἷς
1119 3254 1234 3294 om.
1254 3236 1301 3296 O
1445 3240 1652 3312 θερμῆς
1688 3240 1817 3312 w*p
1856 3239 2061 3295 invitis
2085 3237 2194 3294 AR
2340 3237 2408 3292 18
2444 3237 2537 3293 δεῖ

391 3309 643 3383 prDi,
681 3311 749 3383 δὴ
787 3309 841 3366 Α
984 3310 1262 3382 ἐπιλάμψη
1301 3309 1378 3368 C·

288 3488 507 3560 Leone,
565 3507 703 3548 eum
751 3491 1023 3550 Leonem
1079 3491 1391 3561 minorem,
1449 3491 1634 3548 fllium
1691 3489 1850 3549 filiae
1905 3506 2072 3561 suae,
2128 3505 2338 3563 regem
2391 3504 2528 3547 esse

289 3564 466 3618 vellet
504 3569 564 3620 et
601 3566 857 3634 timeret,
895 3580 975 3621 ne
1012 3564 1113 3634 illi,
1153 3578 1277 3634 qua
1314 3569 1490 3620 erant
1527 3569 1843 3641 potestate,
1896 3563 2054 3619 iilius
2091 3564 2350 3619 infantia
2388 3564 2625 3623 con-80

289 3639 510 3706 tempta
553 3652 813 3707 regnum
851 3638 1208 3709 arriperent.

462 3707 590 3764 Sub
631 3709 745 3764 hoe
782 3725 933 3781 rege
972 3711 1237 3781 pretiosa
1275 3707 1581 3781 Deiparae
1617 3710 2032 3766 sanctissimae
2071 3708 2257 3765 vestis
2294 3705 2526 3779 cpolim
2545 3708 2619 3768 81

290 3793 365 3834 ex
402 3779 749 3837 Palaestina
797 3782 920 3837 lata
970 3787 1030 3838 et
1077 3783 1139 3836 in
1187 3780 1401 3837 aedem
1440 3797 1478 3837 a
1516 3797 1663 3853 rege
1707 3782 1839 3853 ipso
1878 3779 2257 3836 aedificatam
2295 3781 2359 3835 in
2395 3777 2528 3834 Bla-

291 3852 522 3980 chernlis
561 3854 623 3908 in
663 3860 1026 3925 argenteum
1062 3854 1325 3909 loculum
1363 3853 1529 3910 iliata
1556 3859 1662 3924 est,
1701 3869 1736 3909 e
1763 3869 1885 3925 quo
1912 3859 1972 3909 et
1998 3853 2183 3910 aedes
2208 3850 2267 3910 S.
2292 3851 2529 3909 loculus

290 3938 324 3977 a
347 3941 364 3976 ι
409 3941 442 3979 ο
486 3932 589 3980 ata
627 3930 734 3981 est.

327 3940 403 3996 lp
460 3996 744 4052 Anatolio
785 3996 1134 4067 patriarcha
1173 3997 1481 4068 defuncto,
1535 3999 1639 4069 qui
1678 4013 1787 4070 per
1824 4013 2018 4054 annos
2057 4002 2196 4054 octo
2234 3996 2621 4057 ecclesiaoffl

290 4071 652 4139 praefuerat,
710 4067 1068 4125 Gennadius
1120 4076 1381 4128 creatur.
1474 4070 1590 4136 Qui
1637 4086 1774 4127 cum
1813 4086 1923 4143 per
1960 4085 2155 4125 annos
2211 4069 2622 4130 eeclesiam&

288 4142 539 4265 ἷξκίεξοι
590 4141 879 4196 tredecim
934 4146 995 4196 et
1032 4142 1220 4197 vitani
1273 4142 1584 4213 finivisset,
1644 4144 1774 4199 eius
1829 4142 1963 4199 loco
2007 4141 2390 4198 introductus
2436 4145 2531 4199 est

342 4227 559 4268 caelus.
868 4267 873 4272 .

459 4284 662 4358 Atque
699 4299 810 4342 rex
847 4282 976 4341 Leo
1015 4298 1050 4341 e
1087 4285 1301 4343 morbo
1339 4285 1616 4356 decessit,
1655 4301 1793 4344 cnm
1833 4284 2167 4343 octodecim
2207 4286 2625 4358 regnasset&

290 4370 494 4431 annos,
530 4356 741 4416 Leone
777 4356 1013 4416 minore
1050 4356 1276 4417 herede
1301 4361 1479 4434 regni
1504 4360 1733 4433 relicto,
1772 4363 2023 4417 ornatus
2060 4373 2200 4416 cum
2239 4360 2373 4418 aliis
2411 4358 2529 4416 vir·
2547 4358 2626 4428 85
