2870 4966
1149 348 1487 419 Proernam,
1976 331 1980 335 ’
2259 352 2429 429 xvn
2445 329 2448 339 ’

190 534 252 603 1ι.
294 532 341 602 1.
389 550 762 601 enumerare
807 530 1067 617 longum
1115 538 1243 618 est3
1312 534 1460 619 quin
1510 534 1704 603 etiam
1751 535 1972 623 negari
2021 556 2144 605 uon
2192 543 2427 626 potest,
2493 563 2501 574 ·

193 647 258 710 ut
308 639 781 727 gravissimum
812 659 1005 707 unum
1064 640 1426 730 exemplum
1484 641 1748 711 afferam
1810 641 1894 711 ad
1940 645 2243 732 syntaxin
2290 665 2428 735 per·

191 752 414 832 tineus,
485 767 628 816 eum
693 747 873 833 leges
932 754 1142 817 certas
1202 770 1282 817 ao
1341 748 1636 819 definitas
1692 758 2097 839 spernentem
2154 754 2427 842 pattieu-
2479 836 2484 842 ¹
2567 804 2573 812 .

189 860 313 927 lam
358 860 456 924 ἴνα
503 856 678 952 nulio
724 856 862 925 fero
909 854 1272 926 discrimine
1319 859 1707 945 coniungere
1756 859 1944 928 modo
1993 880 2136 929 eum
2189 861 2428 931 iudiea-

191 969 318 1037 tivo
365 965 557 1060 futuri
605 967 691 1050 (v.
726 964 812 1034 ad
844 965 1039 1034 XVII
1077 966 1340 1054 15,16),
1396 964 1588 1035 modo
1644 987 1787 1038 eum
1844 967 2192 1037 indicativo
2246 992 2427 1059 prae-

189 1075 381 1145 sentis
426 1075 527 1141 vel
575 1075 849 1163 pei-teeti
897 1077 985 1160 (v,
1034 1074 1118 1144 ad
1167 1076 1325 1143 XIV
1372 1076 1438 1163 6,
1465 1077 1550 1144 22
1597 1087 1663 1144 et
1715 1078 1978 1164 14,10),
2035 1076 2225 1147 modo
2282 1099 2426 1149 eum

190 1184 590 1253 coniunctivo
638 1185 1043 1271 praesentis¹
1090 1183 1194 1254 vel
1240 1186 1460 1253 aoristi
1509 1187 1598 1268 (v.
1625 1186 1672 1253 -I
1719 1206 1784 1274 p.
1817 1187 1880 1270 9,
1907 1186 1969 1255 8.
2016 1187 2228 1263 51.19
2254 1190 2427 1273 eet.),

189 1291 373 1360 modo
421 1312 563 1359 eum
613 1294 902 1380 optativo
948 1295 1306 1380 praesentis
1354 1294 1456 1362 vel
1503 1295 1722 1363 aoristi
1767 1295 1869 1362 vel
1918 1296 2111 1363 futuri
2147 1299 2231 1379 (v.
2259 1296 2426 1365 XIII

189 1404 250 1488 8,
275 1402 352 1469 21
407 1406 474 1468 et
519 1400 585 1467 II
631 1422 694 1488 p.
742 1401 896 1486 409,
925 1403 1012 1468 22
1060 1407 1124 1470 et
1172 1401 1258 1469 ad
1306 1402 1465 1469 XIV
1517 1405 1620 1488 13,
1646 1404 1782 1487 41).

362 1508 543 1589 Quae
575 1529 720 1577 eum
752 1509 844 1576 ita
875 1511 1022 1594 sint,
1075 1510 1242 1577 hane
1289 1512 1473 1578 nobis
1519 1500 1728 1597 legem
1776 1513 1840 1578 in
1873 1513 2125 1581 Zonara
2171 1511 2424 1580 edendo

189 1618 644 1701 eonstituimUS‚
693 1622 764 1684 ut
797 1618 1103 1703 optimam
1135 1617 1259 1685 loei
1294 1620 1600 1704 cuiusque
1633 1621 2009 1706 scripturam
2044 1626 2421 1706 teneremus,

189 1727 238 1793 si
269 1722 457 1791 modo
507 1743 622 1790 usu
668 1725 869 1810 ipsius
908 1725 1199 1791 Zonarae
1247 1726 1349 1793 vei
1397 1726 1727 1812 scriptoris
1774 1727 2061 1811 aequalis
2107 1734 2219 1794 aut
2265 1728 2423 1796 loeis

189 1832 514 1900 simillimis
541 1831 1056 1916 confirmationum
1107 1830 1276 1916 quod
1302 1839 1513 1899 autom
1541 1832 1820 1900 dubitari
1848 1855 1969 1905 non
1999 1841 2229 1920 potest,
2270 1836 2420 1919 quin

188 1939 552 2026 saepissime
602 1938 709 2005 vix
757 1939 960 2025 possit
1003 1922 1302 2014 discerni,
1352 1946 1559 2006 utrum
1599 1940 1768 2007 vitia
1815 1938 2132 2025 quaedam
2172 1942 2422 2010 scribae

187 2046 374 2113 errori
422 2044 832 2112 attribuenda
887 2046 1014 2121 sint
1060 2067 1142 2112 au
1194 2047 1393 2132 ipsius
1424 2047 1717 2113 Zonaras
1756 2047 2005 2133 eumue,
2054 2067 2242 2132 quem
2276 2070 2420 2116 eon-

188 2158 312 2219 stat
361 2151 532 2219 haud
582 2172 727 2218 raro
777 2158 904 2218 tam
954 2152 1372 2237 neglegenter
1412 2158 1708 2221 auctores
1740 2174 1890 2221 suos
1923 2155 2297 2242 inspexisse,
2347 2161 2416 2223 ut

189 2278 426 2325 eri-ores
476 2259 862 2326 commiserit
908 2260 1320 2343 gravissimos
1368 2261 1459 2342 (v.
1492 2261 1689 2329 B-W
1713 2269 2048 2327 eonnment.
2102 2259 2420 2329 Fleckeis.

190 2385 246 2451 p.
301 2364 422 2430 134
451 2366 584 2447 ss),
634 2385 714 2431 ne
760 2383 886 2431 uno
935 2358 1188 2449 quidem
1239 2364 1386 2432 loeo·
1440 2385 1556 2432 uos
1615 2367 1953 2451 quiequam
2009 2367 2281 2453 silentio,
2352 2373 2423 2436 ut

191 2473 384 2555 aiunt,
431 2473 818 2540 mutavimus
849 2471 965 2540 sed
1006 2472 1066 2538 in
1114 2472 1527 2541 annotatione
1575 2474 1799 2541 eritiea
1845 2472 1927 2541 de
1974 2474 2165 2542 rebus
2212 2472 2422 2544 dubiis

190 2600 431 2666 semper
478 2586 543 2647 et
590 2579 884 2648 eodieum
931 2582 1282 2667 scripturas
1327 2580 1655 2649 attulimus
1715 2587 1781 2649 et
1834 2589 2114 2649 nostram
2174 2588 2422 2650 senten-

190 2688 335 2755 tiam
368 2687 718 2756 adieeimus
748 2708 1060 2755 memores
1092 2709 1308 2755 eorum
1342 2709 1509 2774 quae
1541 2689 1985 2758 Krumbaehen·
2029 2689 2068 2757 1.
2104 2711 2158 2760 e.
2194 2713 2257 2779 p.
2290 2692 2418 2759 277

189 2798 528 2864 rectissime
572 2803 818 2864 monet:
868 2797 968 2863 Es
1016 2798 1214 2864 bleibt
1264 2800 1396 2865 den
1429 2799 1944 2887 IIerausyebern
1976 2800 2191 2867 nichts
2225 2800 2421 2888 abi-iq

189 2906 286 2970 als
329 2907 673 2992 moqliehst
720 2907 1237 2972 leon-servatio
1282 2929 1366 2972 zu
1412 2907 1778 2994 verfahren
1825 2909 1966 2974 und
2021 2916 2183 2974 stet-9
2223 2928 2423 2996 ,sorq-

189 3034 326 3078 sam
370 3016 794 3101 abzuwc'iqen,
855 3036 996 3081 was
1058 3016 1270 3081 einem
1317 3013 1541 3081 Antor
1598 3016 1770 3082 nach
1828 3017 2051 3082 seiner
2096 3016 2422 3104 Bildunq,

191 3121 330 3186 dem
373 3123 838 3208 sprachlichen
872 3123 1215 3189 Zustande
1260 3125 1477 3189 seines
1520 3125 1876 3190 Zeitalters
1922 3125 2063 3190 und
2109 3125 2239 3190 den
2285 3121 2424 3189 An-

186 3229 636 3318 forderunyen
673 3230 896 3297 seiner
925 3229 1132 3296 Leser
1161 3238 1534 3318 zuyemutet
1557 3232 1833 3297 *werden
1875 3233 2080 3308 kann,
2128 3238 2426 3297 mament-

191 3334 313 3401 lich
357 3339 515 3404 aber
555 3339 720 3426 Jede
779 3338 1192 3424 ‹zuffallemle
1240 3336 1711 3425 Erscheinuny
1769 3339 2162 3425 weniqstens
2205 3358 2425 3426 yenau

192 3440 276 3506 im
321 3441 670 3530 Apparate
717 3466 801 3511 zu
849 3441 1342 3511 vev·2eae‘‹·lmen.“

357 3549 558 3619 Nobis
592 3550 790 3634 igitur
822 3550 1101 3636 quinque
1136 3550 1429 3619 Zomnrao
1464 3549 1722 3619 eodiees
1754 3549 2229 3620 coinsereutibus
2265 3550 2421 3619 eius·

190 3671 305 3735 que
351 3674 529 3738 usum
578 3655 837 3724 dicendi
885 3662 1189 3726 accurato
1247 3637 1761 3724 examinantibus
1818 3656 2090 3723 alterum
2149 3656 2426 3725 accessit

189 3758 527 3836 subsidium
594 3763 1040 3849 firmissimum,
1113 3783 1239 3847 quo
1309 3764 1524 3831 multis
1590 3763 1751 3832 loeis
1820 3784 1947 3829 non
2017 3761 2424 3829 mediocritei·

189 3863 378 3933 adiuti
407 3888 639 3937 sumus.
714 3871 1115 3957 Quamquam
1150 3871 1316 3938 enim
1350 3870 1628 3938 omnium
1657 3867 1912 3961 quidem
1939 3868 2264 3954 librorum,
2315 3869 2423 3956 qui

190 4059 527 4124 adhibuerit
562 4079 686 4125 non'
724 4084 909 4125 uuam
951 4069 1210 4126 nonanis
1250 4068 1476 4141 propi-ii
1519 4069 1789 4137 formam,
1830 4066 1937 4124 sed
1978 4066 2202 4137 varias,
2240 4065 2301 4124 in
2341 4065 2425 4123 in-

190 4149 318 4207 dice
354 4160 817 4216 annotationum-
855 4166 1062 4236 nostro
1102 4175 1148 4238 ε.
1189 4176 1244 4215 v.
1283 4157 1572 4216 ‘Nomina
1612 4158 1887 4231 propria’
1922 4157 2331 4230 exposuimus.

360 4242 380 4281 ¹
418 4246 631 4319 Itaque
670 4266 805 4306 eum
858 4250 989 4306 cod.
1032 4248 1079 4306 Λ
1123 4255 1183 4306 et
1220 4250 1248 4306 I
1286 4266 1341 4323 p.
1365 4248 1508 4319 41,4
1546 4249 1641 4321 ἔχῃ
1684 4249 1928 4306 videtur
1965 4264 2098 4306 esso
2135 4263 2425 4305 revocan-

190 4329 326 4388 dum
364 4351 471 4407 pro
509 4340 620 4411 ἔχοι
658 4347 720 4398 et
759 4341 814 4397 II
855 4358 910 4414 p.
937 4340 1162 4412 378‚·15.
1191 4342 1394 4414 γένηται
1435 4356 1545 4413 pro
1585 4340 1783 4413 γένοιτο
1823 4338 1955 4397 coll.
1994 4338 2020 4396 Ι
2062 4356 2116 4412 p.
2138 4338 2295 4411 51,2.
2334 4339 2423 4410 60,
2498 4384 2506 4395 .

198 4421 277 4479 16.
315 4426 470 4498 66,1.
512 4430 598 4502 79,
619 4432 670 4487 6.
710 4431 769 4487 11
808 4448 866 4505 p.
903 4432 1096 4504 3427.
1135 4431 1363 4501 345,21.
1402 4430 1632 4504 350,12.
1671 4430 1792 4502 356,
1817 4430 1884 4487 19
1921 4434 2032 4489 eet.
2120 4425 2124 4430 ’
