2870 4966
399 296 501 356 158
1002 298 1278 362 zoNAR.
1316 300 1516 362 EPIT.
1553 301 1694 375 xlv
1731 302 1783 374 6,
1820 299 2053 361 25-36.

391 488 524 552 τῶν
584 486 995 571 κρατούντων
1056 487 1366 574 ἐξέθορον
1427 489 1700 574 ἔνοπλοι,
1768 488 1897 557 κάκ
1963 495 2075 576 τῆς
2138 488 2389 567 πόλεως
2449 494 2636 582 ἕτεροι

96 594 139 655 Ρ
157 594 212 654 11
230 597 302 655 63
321 593 373 654 Α
393 594 761 677 στρατιῶται
805 591 913 659 καὶ
960 591 1022 659 οἱ
1065 592 1386 679 βάρβαροι
1441 594 1919 681 έπεισέφρησαν,
1984 591 2093 660 καὶ
2149 593 2223 661 τὰ
2279 595 2494 685 πλήθη
2548 601 2637 676 ὥς

391 692 625 781 χόρτον
666 695 819 764 ἄνευ
859 696 1122 785 φειδοῦς
1162 697 1541 784 έξεθέριζον,
1587 700 1711 787 ἤδη
1758 698 1866 766 καὶ
1909 698 2075 784 πρὸς
2118 698 2352 786 ἄλληλα
2398 706 2634 773 στασιά-

300 806 374 866 26
393 818 615 868 σαντα·
678 799 910 889 μεστὸν
963 801 1086 890 γάρ
1142 800 1221 890 ἦν
1273 802 1651 889 ἀνθρώπιον
1694 800 1766 870 τὸ
1812 804 2105 891 θέατρον,
2168 810 2299 871 τῶν
2357 806 2476 894 μὲν
2535 816 2637 898 τῆς

392 911 522 974 τῶν
558 905 1020 984 στασιαζόντων
1047 909 1299 995 μοίρας,
1346 912 1477 974 τῶν
1524 907 1596 975 δέ
1641 931 1710 994 γε
1753 909 2062 977 πλειόνων
2106 908 2266 978 κατά
2313 911 2475 979 θέαν
2514 919 2682 983 τῶνδ

394 1013 745 1099 γινομένων
815 1011 925 1081 καὶ
994 1018 1105 1102 τῆς
1166 1019 1278 1079 τοῦ
1335 1010 1636 1080 Ὕπατίου
1701 1012 2117 1103 ἀναρρήσεως
2179 1016 2633 1104 ἠθροισμένων.

302 1124 373 1183 27
392 1115 502 1184 τὸν
548 1117 619 1184 δὲ
641 1117 939 1186 ’ὶῖττάτιον
983 1117 1395 1206 συλλαβόντες
1440 1114 1547 1185 καὶ
1590 1118 1931 1207 Πομπήιον
1974 1119 2084 1188 τὸν
2128 1117 2408 1208 ἀδελφὸν
2452 1123 2635 1192 αὐτοῦ

392 1229 487 1307 τῷ·
539 1222 787 1310 βασιλεῖ
831 1223 1260 1310 προσήγαγον,
1326 1226 1395 1290 οἳ
1430 1222 1539 1290 καὶ
1585 1224 1993 1312 ἀνῃρέθησαν
2037 1226 2146 1293 καὶ
2191 1227 2259 1292 αῖ
2300 1230 2634 1313 περιουσίαι

303 1327 608 1394 28αύτῶν
663 1327 1131 1415 ἐδημεύθησαν.
1222 1332 1353 1394 τῶν
1398 1328 1459 1395 δ’
1508 1329 1580 1395 ἔκ
1635 1336 1746 1396 τοῦ
1795 1331 2007 1417 δήμου
2053 1331 2514 1414 ἀναιρεθέντων
2555 1336 2632 1399 εἷ-

302 1439 374 1498 29
391 1430 609 1517 κάσθη
655 1429 809 1515 εἶναι
853 1431 893 1498 ό
937 1432 1218 1519 ἀριθμὸς
1263 1433 1415 1500 ὡσεὶ
1460 1435 1925 1521 τεσσαράκοντα
1966 1434 2255 1521 χιλιάδες.
2348 1435 2488 1522 οὐχὶ
2515 1443 2635 1503 τῶν
2652 1445 2712 1502 10

391 1537 747 1622 εἰρημένων
801 1537 871 1603 δὲ
929 1538 1049 1604 δύο
1103 1539 1363 1624 ἀνδρῶν
1405 1539 1631 1624 μόνων
1676 1539 2127 1626 ἐδημεύθησαν
2171 1539 2238 1604 αἱ
2279 1541 2634 1626 περιουσίαι,

392 1638 550 1706 ἀλλὰ
596 1640 705 1707 καὶ
750 1642 986 1726 ἑτέρων
1028 1642 1339 1710 πλειόνων
1383 1644 1841 1730 συγκλητικῶν·
1887 1644 2166 1711 κάκεῖνοι
2200 1643 2269 1709 δὲ
2297 1643 2636 1719 πολυειδῶς

392 1743 853 1831 ἐκολάσθησαν.

217 1856 265 1913 Β
300 1857 374 1914 30
563 1848 674 1914 Ἐν
721 1848 791 1915 δὲ
835 1856 912 1936 τῇ
957 1851 1161 1917 στάσει
1207 1850 1422 1938 ταύτῃ,
1488 1852 1583 1925 ὡς
1631 1853 1884 1938 εἴρηται,
1949 1858 2059 1938 τῆς
2100 1851 2379 1938 μεγάλης
2423 1852 2635 1938 ἔκκλη-

392 1952 530 2024 σίας
575 1952 938 2038 καυθείσης,
988 1952 1063 2041 ἧς
1109 1955 1415 2042 δομήτωρ
1461 1954 1541 2041 ἦν
1586 1956 1625 2022 ό
1665 1955 2124 2040 Κωνστάντιος,
2171 1957 2389 2041 ἑτέραν
2430 1957 2636 2041 πολλῷ
2653 1960 2712 2018 15

390 2055 591 2138 μείζω
656 2055 765 2121 καὶ
816 2059 1351 2144 περιῳανεστέραν
1404 2060 1444 2124 ό
1496 2059 1786 2145 βασιλεὺς
1834 2059 2260 2132 Ἰουστινιανδς
2322 2060 2636 2145 ἄπήρξατο

32 2157 374 2267 *Qff'i'am
392 2167 805 2245 καινουργεῖν,
852 2169 961 2248 τῆς
1007 2164 1357 2250 οἰκοδομῆς
1402 2164 1597 2249 αὐτῆς
1643 2164 1988 2250 ἀρχθείσης
2031 2162 2192 2230 κατὰ
2238 2161 2310 2229 τὸ
2340 2150 2460 2248 ,cll
2492 2165 2635 2239 ἔτος,

30 2314 39 2373 Ι
391 2265 778 2338 ἰνδικτιῶνος
830 2267 1387 2355 πεντεκαιδεκάτης
1442 2269 1842 2356 ἐνισταμένης
1890 2269 1959 2334 έν
2011 2267 2432 2354 Φευρουαρίῳ
2474 2267 2634 2354 μηνί.

393 2518 424 2575 4
461 2519 585 2591 περὶ
622 2527 731 2577 τῶν
765 2519 1157 2592 ἀναιρεθέντων
1193 2521 1256 2578 ἐκ
1296 2531 1387 2580 τοῦ
1425 2523 1604 2596 δήμου
1640 2522 1697 2580 ἓν
1734 2531 1810 2595 τῷ
1853 2523 2070 2595 θεάτρῳ
2108 2520 2155 2581 C
2304 2520 2369 2578 14
2403 2520 2520 2592 περὶ
2554 2529 2636 2593 τῆς

384 2592 751 2667 άνοικοδομῆς
789 2595 1154 2670 (άνακοδομῆς
1194 2596 1263 2665 Ε)
1305 2604 1396 2670 τῆς
1430 2596 1665 2685 μεγάλης
1701 2596 1987 2670 ἐκκλησίας
2026 2593 2178 2654 Aci}

504 2832 530 2889 1
574 2840 682 2890 τῶν
717 2831 1058 2904 κρατούντων
1095 2850 1209 2892 om.
1250 2833 1405 2907 pr
1575 2833 1611 2891 3
1651 2840 1789 2907 post·
1826 2833 1930 2906 ἤδη
1970 2832 2113 2890 add.
2149 2830 2211 2888 δὶ
2248 2831 2303 2889 D
2470 2832 2503 2888 4
2541 2838 2636 2887 τῶν

501 2904 625 2977 AR,
664 2906 723 2963 τό
760 2905 914 2981 pr
1128 2908 1165 2965 9
1201 2907 1313 2979 τοῦ]
1350 2914 1459 2964 τῶν
1498 2906 1553 2964 D
1625 2961 1629 2965 Α
1757 2907 1825 2963 10
1859 2906 2102 2978 χιλιάδας
2141 2904 2196 2962 D
2381 2904 2442 2961 11
2482 2906 2637 2975 μόνον

501 2979 605 3036 Rw
656 2977 756 3050 Di,
798 2996 853 3036 ν.
894 2979 974 3036 ad
1013 2980 1153 3037 XIV
1189 2981 1239 3050 6,
1279 2980 1346 3037 31
1530 2979 1705 3036 οὐσίαι
1746 2976 1988 3052 prDi
2026 2977 2217 3051 (quod
2256 2974 2342 3035 Di
2381 2978 2509 3050 ipse
2545 2977 2636 3033 im-

501 3068 613 3126 pro
660 3058 723 3110 at
750 3054 867 3110 vol.
888 3052 942 3109 V
969 3070 1024 3125 p.
1049 3053 1160 3123 86),
1187 3070 1245 3111 v.
1265 3052 1405 3110 XIV
1423 3055 1475 3122 6,
1502 3054 1554 3111 9.
1581 3053 1651 3113 ‘27
1800 3051 1866 3108 14
1891 3050 2109 3124 εἴρηται]
2140 3055 2171 3118 5
2201 3051 2269 3108 19
2416 3050 2483 3108 15
2506 3055 2638 3107 ante

500 3126 859 3188 κωνστάντιος
897 3125 1037 3183 add.
1075 3127 1424 3198 αὐτοκράτωρ
1459 3126 1608 3199 pr
1757 3126 1823 3183 17
1859 3125 2115 3196 ἀρθείσης
2154 3123 2203 3181 Ε
2365 3123 2422 3180 τό
2460 3139 2569 3180 om.
2595 3121 2637 3178 Ε

572 3197 1018 3271 ἑξακιςχιλιοστδν
1056 3199 1473 3271 τεσσαρακοστὸν
1510 3198 1618 3255 Rw
1664 3194 1749 3255 Di
1911 3198 1978 3255 18
2013 3198 2349 3260 ἰνδικτιῶνος
2382 3216 2636 3253 πεντεκαι·

500 3271 727 3344 δεκάτης
766 3270 1124 3345 ἐνισταμένης]
1164 3288 1221 3329 v.
1261 3271 1328 3329 L.
1368 3271 1440 3330 G.
1479 3288 1536 3347 p.
1578 3272 1604 3329 1
1684 3313 1698 3342 ‚
1739 3271 1807 3327 18

391 3516 549 3575 urbe
587 3518 691 3575 alii
727 3519 947 3576 milltes
986 3524 1432 3591 praetereaque
1491 3516 1742 3575 barbari
1798 3515 2125 3574 intromissi
2182 3514 2634 3579 multitudinem,

391 3605 556 3664 quae
593 3593 652 3648 et
690 3591 824 3664 ipsa
863 3592 983 3648 iam
1022 3592 1181 3648 inter
1218 3606 1284 3648 se
1323 3591 1673 3656 dissidebat,
1723 3590 2018 3663 graminis
2058 3588 2252 3646 instar
2288 3587 2631 3652 caedebant,

300 3659 715 3738 &ipat-centes
753 3665 997 3721 nemini.
1073 3663 1388 3721 Refer-tum
1427 3663 1588 3721 enim
1625 3669 1760 3720 erat
1797 3664 2100 3720 theatrum
2122 3661 2465 3718 hominibus
2503 3672 2630 3714 eum

390 3737 694 3796 seditiosis
733 3742 859 3794 tum
900 3737 1175 3810 plurimis
1222 3737 1636 3808 congreg-atis,
1673 3742 1742 3794 ut
1782 3742 1843 3793 et
1879 3751 1979 3793 res
2016 3739 2078 3792 et
2115 3734 2450 3807 Hypatium
2488 3730 2630 3788 salu-

299 3806 371 3866 27
392 3815 586 3868 tatum
625 3817 992 3883 spectarent.
1068 3809 1173 3867 Ille
1211 3825 1335 3867 una
1389 3825 1529 3866 eum
1570 3809 1860 3880 Pompeio
1902 3809 2090 3865 fratre
2129 3807 2209 3865 ad
2247 3822 2455 3877 regem
2512 3818 2632 3877 per-

299 3880 373 3938 28
392 3883 614 3940 duetus
641 3883 939 3941 occiditur
962 3883 1137 3941 bonis
1164 3898 1378 3940 eorum
1407 3882 1769 3939 confiscatis.
1844 3881 1891 3938 1⁴3
1912 3881 2139 3955 populo
2168 3880 2330 3937 eaesi
2354 3883 2633 3951 putantur

299 3953 372 4010 29
391 3956 471 4012 ad
509 3956 618 4012 xl.
658 3957 836 4013 milia.
911 3955 1125 4028 Neque
1173 3972 1322 4013 vero
1361 3956 1599 4013 illorum
1642 3954 1903 4012 duorum
1944 3955 2265 4011 dumtaxat
2304 3953 2465 4008 bona
2502 3950 2634 4034 suat

394 4028 720 4101 publicata,
761 4029 865 4086 sed
906 4031 1235 4086 multorum
1276 4035 1599 4102 praeterea
1639 4027 1929 4085 senatorii
1970 4027 2215 4096 ordinis,
2262 4025 2461 4097 dequo
2498 4024 2632 4094 ipsis

393 4117 514 4158 non
554 4117 679 4158 uno
716 4103 897 4159 modo
937 4104 1301 4175 supplicium
1340 4109 1667 4174 sumptum.
2417 4109 2454 4184 ⁵.
2489 4167 2501 4182 .

301 4172 375 4229 30
572 4174 690 4230 Pro
708 4191 936 4246 magna
951 4176 1209 4233 ecelesia
1228 4191 1264 4232 a
1280 4175 1637 4233 Constantio
1658 4174 1920 4243 eottdita,
1939 4188 2101 4244 quae
2123 4173 2183 4228 in
2200 4173 2314 4227 hae
2329 4170 2631 4232 seditione,

391 4251 461 4304 ut
499 4248 844 4319 expositum
885 4254 992 4318 est,
1031 4250 1465 4319 conflagrarat,
1504 4247 1878 4304 Iustinianus
1901 4246 2151 4302 alteram
2191 4259 2415 4300 novam
2454 4238 2630 4296 multo

390 4320 683 4376 maiorem
724 4328 783 4376 et
822 4320 1209 4379 illustriorem
1250 4326 1570 4378 exstruere
1627 4321 1842 4392 eoepit,
1903 4318 2388 4374 aedificationem
2445 4310 2630 4397 auspi·

392 4396 568 4449 catus
607 4408 770 4449 anno
814 4395 892 4450 ab
933 4396 1082 4451 orbe
1122 4394 1367 4450 condito
1417 4393 1619 4450 sexies
1659 4392 1971 4448 millesimo
2013 4389 2501 4463 quadragesimo,
2555 4398 2631 4437 m·

1440 4637 2120 4935 Δ
