2870 4966
443 279 540 340 22.
788 232 792 237 ⁵
1033 227 1734 343 zosAR.1·:1³1‘r.x111
1767 279 1820 355 4,
1859 281 2089 345 ιιι-22.

265 464 318 528 0
356 466 427 527 12
444 468 554 539 καὶ
597 468 755 557 μετά
799 491 932 536 τινα
977 468 1137 555 λέγει
1182 474 1405 537 τοῦτον
1450 469 1684 537 ὡσανεὶ
1727 475 1839 538 τοῦ
1884 467 2125 556 πατρὸς
2168 469 2533 560 ὑπάρχοντα
2585 471 2696 538 δύ-

259 571 264 575 ’
444 599 634 662 ναμιν
676 573 786 643 καὶ
831 574 1063 659 σοφίαν
1107 575 1217 642 καὶ
1261 573 1335 642 τὰ
1385 575 1698 661 δευτερεῖα
1743 582 1854 662 τῆς
1897 575 2057 643 κατὰ
2100 575 2359 644 πάντων
2385 577 2700 667 βασιλείας

355 678 425 736 13
443 679 553 747 καὶ
615 679 819 767 ἀρχῆς
882 679 1466 767 ἕμπεπιστευμένον.
1570 679 1678 746 καὶ
1742 678 1932 754 αὖθις
1992 676 2127 767 μετ’
2187 680 2361 768 ὀλίγα
2431 682 2539 750 καὶ
2607 674 2700 750 ὅτι

441 781 631 850 ἔστιν’
658 782 840 851 οὐσία
894 807 984 858 τις
1038 784 1437 870 προκόσμιος
1491 785 1669 862 ζῶσα
1724 786 1833 852 καὶ
1889 785 2225 872 ὑφεστῶσα
2280 788 2320 873 ἡ
2366 794 2461 874 τῷ
2512 787 2700 872 πατρὶ

441 888 551 955 καὶ
594 889 738 975 θεῷ
782 891 914 956 τῶν
959 888 1132 955 ὅλων
1176 890 1263 962 εἰς
1307 886 1428 974 τὴν
1464 893 1595 955 τῶν
1632 895 1909 976 γενητῶν
1942 891 2357 977 δημιουργίαν
2385 892 2696 979 ὕπηρετη-
2717 893 2753 952 5

353 990 424 1048 14
442 993 705 1079 σαμένη,
761 992 871 1059 καὶ
915 993 954 1060 δ
998 992 1322 1079 Σολομὼν
1365 992 1525 1079 λέγει
1569 995 1907 1080 προσώπῳ
1952 1002 2062 1081 τῆς
2105 1001 2217 1061 τοῦ
2262 997 2424 1063 θεοῦ
2469 996 2700 1082 σοφίας

352 1094 423 1152 15
440 1096 717 1181 “κύριος
769 1096 970 1164 ἔκτισέ
1020 1120 1104 1182 με
1160 1095 1365 1183 ἀρχὴν
1417 1097 1597 1163 ὁδῶν
1652 1098 1904 1185 αὖτοῦ”
1956 1099 2064 1165 καὶ
2118 1100 2281 1187 ἑξῆς.
2375 1099 2483 1166 καὶ
2543 1096 2695 1186 μεθ’

442 1202 621 1287 ἔτερα
667 1194 922 1267 πλείονα
969 1200 1198 1286 φάσκει
1243 1200 1407 1267 “acal
1454 1200 1553 1267 ἐπὶ
1609 1205 1761 1268 πᾶσι
1815 1202 2075 1287 τούτοις,
2134 1204 2236 1271 οἷα
2294 1204 2455 1271 θεοῦ
2509 1203 2701 1295 λόγον

439 1302 720 1391 προόντα
767 1304 875 1373 καὶ
919 1303 1049 1391 πρὸ
1095 1306 1353 1373 αἰώνων
1400 1304 1702 1389 ἁπάντων
1747 1306 2160 1394 οὖσιωμένυν,
2208 1307 2320 1396 τὴν
2356 1308 2701 1396 σεβάσμιον

439 1408 624 1497 τιμὴν
669 1407 844 1495 παρὰ
890 1413 1003 1476 τοῦ
1048 1407 1288 1496 πατρὸς
1333 1408 1653 1498 εἰληφότα,
1700 1412 2195 1495 προσκυνεῖσθαι
2240 1412 2336 1486 ὡς
2377 1414 2457 1479 ἂν
2487 1411 2697 1480 θεόν.”
2723 1407 2790 1478 1'0

248 1512 311 1573 D
352 1513 422 1573 16
439 1520 633 1581 ταῦτα
690 1514 798 1582 καὶ
855 1513 1033 1601 ἕτερα
1089 1519 1217 1588 τοῖς
1271 1515 1688 1600 ἀρειανίζουσι
1750 1516 2020 1602 δόγμασι
2085 1516 2474 1605 δεικνύουσιν
2538 1516 2698 1602 ὁμό-

440 1643 654 1706 φρονα
696 1616 806 1685 τὸν
826 1617 1168 1707 Ἐὗσέβιον,
1215 1620 1275 1685 εί
1312 1620 1403 1706 μή
1455 1644 1543 1692 τις
1588 1621 1746 1707 φαίη
1793 1619 1923 1706 πρὸ
1968 1628 2078 1709 τῆς
2108 1622 2491 1707 ἐπιστροφῆς
2521 1621 2701 1706 αὐτῷ

351 1723 420 1784 17
438 1725 801 1817 πονηθῆναι
846 1724 1090 1791 τούτων
1135 1722 1248 1810 τὴν
1293 1725 1718 1812 συγγραφήν.·
1780 1726 2032 1811 εὕρηται
2088 1726 2209 1812 γὰρ
2265 1727 2333 1792 ἔν
2385 1734 2479 1812 τῷ
2532 1750 2697 1810 πρα-

439 1838 642 1917 κτικῷ
686 1836 796 1917 τῆς
847 1829 1110 1916 πρώτης
1155 1828 1431 1895 συνόδου
1487 1828 1883 1915 ὑπερμαχῶν
1937 1833 2049 1894 τοῦ
2106 1830 2315 1915 ὀρθοῦ
2364 1830 2696 1916 δόγματος.

350 1934 420 1992 18
612 1932 705 2001 Ἡ
740 1933 860 2020 μὲν
904 1930 1021 2000 οὖν
1067 1932 1211 2018 ἁγία
1259 1932 1532 2006 σύνοδος
1576 1932 1647 1999 τὸ
1694 1932 2040 2019 ὀμοούσιον
2085 1933 2192 2001 καὶ
2237 1934 2556 2001 συναΐδιον
2598 1933 2698 2001 ἐπὶ
2723 1939 2785 1999 15

443 2147 512 2204 15
546 2145 669 2218 περὶ
704 2151 799 2202 τοῦ
835 2144 989 2218 ἁγίου
1027 2145 1297 2217 συμβόλου
1337 2143 1434 2202 CE

439 2377 442 2381 .
553 2341 581 2397 1
619 2338 776 2414 λέγει]
816 2340 903 2397 Ib.
943 2339 971 2396 I
1009 2340 1060 2411 2,
1102 2340 1166 2396 11
1288 2380 1296 2385 -
1326 2341 1375 2398 1.
1415 2340 1453 2397 2
1487 2340 1791 2412 ὑπάρχοντα
1813 2369 1878 2382 --
1902 2361 1965 2397 σο
2014 2341 2098 2397 ίαν
2136 2339 2229 2397 καὶ
2266 2352 2402 2397 cum
2442 2340 2699 2398 deterio-

552 2413 722 2470 ribus
759 2413 1009 2470 Eusebii
1049 2412 1364 2470 codicibus
1404 2417 1487 2480 (v,
1524 2428 1665 2470 ann.
1706 2428 1787 2469 cr.
1826 2414 1891 2468 41
1994 2413 2344 2478 einichcni)·
2536 2413 2573 2470 2
2608 2421 2700 2486 τῆς

552 2503 667 2544 om.
705 2486 761 2542 D
955 2486 992 2543 3
1028 2507 1082 2543 τε
1120 2487 1212 2543 καὶ
1253 2487 1374 2558 ἅρχ.
1413 2485 1635 2545 Euseb.
1817 2485 1997 2557 αὖθις]
2038 2485 2126 2543 lb.
2165 2485 2193 2542 I
2232 2486 2282 2557 2,
2323 2485 2391 2542 14
2570 2487 2607 2542 4
2643 2487 2703 2555 γέ

549 2559 688 2615 ἔστιν
724 2559 944 2616 Eusob.
1128 2559 1266 2615 ἐστὶν
1303 2558 1543 2632 prDi
1721 2559 2085 2629 πρόσκόσμιος
2123 2558 2194 2625 Α,
2231 2558 2587 2630 προς-κόσμιος
2625 2559 2700 2626 D,

552 2647 704 2688 corr.
728 2629 833 2692 Dw
949 2630 1056 2690 4.5
1080 2632 1236 2702 πατρὶ
1255 2632 1347 2689 καὶ
1366 2633 1484 2703 θεῷ
1504 2631 1613 2689 AR
1633 2632 1873 2701 Euseb„
1910 2633 2069 2703 πατρὶ
2106 2632 2199 2688 καὶ
2225 2637 2300 2687 τῶ
2325 2633 2442 2688 θεῶ
2481 2632 2546 2702 Ε,
2583 2633 2702 2701 θεῷ

551 2704 642 2761 καὶ
661 2705 816 2776 πατρὶ
837 2704 993 2777 pr
1140 2704 1175 2761 5
1212 2713 1477 2776 γεννητῶν
1494 2705 1746 2762 ἅπᾶντων
1765 2703 1987 2761 Euseb.
2120 2706 2156 2761 6
2193 2704 2442 2775 σσλομῶν
2464 2701 2703 2776 prDi

477 2779 483 2786 ’
553 2792 610 2834 v.
650 2775 679 2834 1
715 2793 770 2850 p.
813 2776 933 2846 141,
975 2776 1044 2834 12
1081 2783 1141 2833 et
1180 2776 1301 2833 ind.
1349 2831 1352 2835 ,
1538 2778 1573 2834 8
1612 2776 1830 2850 φάσκει]
1872 2776 1959 2833 lb.
2000 2775 2027 2834 Ι
2062 2776 2113 2846 3,
2155 2777 2246 2845 19ς
2287 2792 2344 2833 v.
2382 2776 2580 2834 Vaics.
2620 2776 2701 2833 ad

552 2849 609 2906 h.
647 2849 683 2907 l.
830 2849 866 2906 9
900 2848 1006 2920 πρὸ
1037 2849 1257 2906 αἰώνων
1283 2846 1531 2923 prDi
1571 2850 1811 2924 Euseb„
1847 2850 2170 2920 προαιώνων
2199 2847 2269 2921 Α,
2305 2850 2627 2921 προαιώνιον
2656 2848 2702 2907 E

516 2979 519 2982 ,
553 2922 623 2979 10
657 2921 987 2994 ὑπειληφότα
1008 2922 1100 2979 καὶ
1124 2921 1341 2981 Euseb.
1364 2922 1493 2989 (sed
1517 2938 1574 2980 v.
1596 2939 1737 2980 ann.
1762 2939 1843 2980 cr.
1866 2922 1936 2978 (39
1958 2922 2342 2994 Iieinicheni)
2471 2922 2535 2978 11
2568 2926 2703 2995 post

550 2995 700 3066 ἔτερα
739 2994 880 3051 add.
917 2993 978 3051 δὲ
1016 2993 1164 3066 pr
1367 2995 1451 3052 18.
1494 2993 1561 3051 14
1597 2996 1814 3065 εὔρηται
1842 2996 2186 3066 -δόγματος
2228 2994 2367 3051 add.
2408 2999 2544 3068 post
2580 3015 2701 3067 συγ-

550 3067 780 3140 γραφήν.
817 3065 938 3136 Am,
980 3082 1094 3124 oni.
1135 3066 1320 3140 pr,
1362 3082 1417 3124 v.
1458 3067 1536 3124 ad
1578 3066 1724 3125 ΧΙΠ
1759 3066 1811 3137 4,
1850 3070 1886 3120 8
1924 3074 2075 3124 extr.

441 3261 550 3321 sed
601 3263 939 3320 secundum
992 3264 1072 3320 ab
1126 3280 1198 3320 eo
1252 3263 1525 3320 divitium
1584 3263 1842 3320 verbum
1898 3269 2152 3336 paterna
2205 3264 2462 3336 exsequi
2519 3263 2701 3320 iussa.

347 3330 424 3389 12
440 3335 587 3394 Post
623 3335 920 3392 nonnulla
959 3335 1106 3392 dicit
1145 3337 1304 3392 idem
1344 3336 1502 3406 huic,
1541 3340 1609 3392 ut
1650 3337 1840 3407 patris
1880 3336 2189 3406 potentiae
2227 3353 2301 3392 ac
2345 3336 2702 3407 sapientiae,

348 3403 424 3461 13
442 3413 504 3465 et
539 3407 845 3464 secundas
884 3412 1090 3479 partes
1128 3408 1307 3478 reg-ni
1347 3413 1406 3463 et
1445 3407 1681 3479 imperii
1721 3407 1782 3462 in
1824 3423 2033 3464 omncs
2072 3423 2207 3464 csse
2246 3408 2527 3466 creditas.
2603 3405 2703 3462 At·

442 3495 563 3551 que
601 3481 782 3537 etiam
831 3478 1034 3551 paullo
1086 3485 1221 3551 post
1274 3480 1492 3535 iterum
1547 3480 1692 3535 dicit
1744 3486 1804 3535 et
1855 3495 1988 3534 esse
2036 3485 2320 3535 naturam
2374 3479 2701 3551 quandam,

442 3567 602 3623 quae
640 3559 785 3607 ante
824 3551 1117 3607 mundum
1158 3552 1382 3606 vixerit
1421 3557 1481 3607 et
1519 3552 1857 3607 substiterit
1897 3566 1969 3606 ac
2009 3551 2167 3619 patri
2199 3556 2260 3606 ct
2286 3552 2401 3607 deo
2427 3551 2701 3607 universi

350 3619 503 3680 uin
542 3639 745 3681 rerum
789 3625 1090 3679 factarum
1132 3623 1375 3694 opificio
1417 3624 1856 3680 ministraverit
1898 3628 1958 3679 et
1992 3621 2377 3679 Salomonem
2418 3624 2533 3679 sub
2573 3639 2702 3695 pcr-

441 3712 594 3753 sona
621 3696 960 3768 sapientiae
989 3694 1085 3751 dei
1122 3695 1326 3750 dicere
1353 3694 1687 3751 “Dominus
1728 3696 1999 3766 condidit
2038 3712 2133 3751 me
2174 3696 2539 3767 principium
2578 3696 2702 3750 via·

299 3794 303 3797 ·
350 3765 422 3822 15
441 3785 574 3825 rum
613 3768 898 3824 suarum''
949 3772 1010 3824 ct
1047 3773 1270 3824 cetera.
1348 3766 1677 3823 Praeterea
1707 3773 1848 3839 post
1875 3769 1994 3823 alia
2023 3768 2201 3840 plura
2228 3768 2406 3822 affert
2433 3775 2492 3823 et
2518 3783 2702 3840 super

441 3842 593 3898 haec
641 3841 861 3910 omnia,
914 3842 1072 3897 sicut
1120 3840 1218 3895 dei
1268 3840 1543 3908 verbum,
1596 3840 1760 3909 quod
1812 3847 1954 3896 ante
2001 3842 2115 3896 suit
2162 3845 2222 3896 et
2267 3845 2410 3896 ante
2455 3840 2702 3895 saecula

442 3914 644 3970 omnia
694 3916 921 3971 factum
977 3919 1086 3978 cst,
1141 3912 1552 3973 venerabilem
1604 3912 1891 3968 honorem
1933 3930 1970 3968 a
2010 3913 2125 3969 deo
2170 3918 2347 3984 patre
2395 3912 2701 3983 adeptum,

348 3984 422 4040 16
442 3986 686 4042 adorari
745 3991 1055 4057 tamquam
1117 3985 1317 4041 deum.
1393 3984 1565 4039 Haec
1621 3992 1681 4039 et
1732 3986 1850 4040 alia
1903 3986 2322 4041 demonstrant
2372 3985 2699 4040 Eusebium

441 4057 672 4114 Ariana
712 4058 1005 4130 dog-mata
1046 4059 1357 4131 probasse,
1416 4057 1528 4112 nisi
1581 4057 1715 4127 quis
1763 4058 1908 4113 dicit
1956 4057 2015 4112 id
2068 4074 2223 4129 opus
2268 4062 2411 4113 ante
2452 4072 2699 4112 conver·

348 4129 420 4185 17
441 4132 671 4187 sionem
720 4132 798 4186 ab
845 4147 918 4187 eo
970 4133 1157 4187 fuisse
1206 4131 1635 4200 conscriptum.
1709 4128 1861 4185 Nam
1913 4130 1975 4185 in
2027 4132 2181 4186 actis
2234 4130 2410 4200 primi
2463 4127 2699 4184 concilii

234 4271 239 4278 ‚
442 4203 754 4260 invenitur
793 4203 1096 4261 Eusebius
1133 4210 1364 4259 rectam
1403 4201 1766 4258 sententiani
1809 4203 2031 4258 acriter
2073 4202 2439 4258 defendisse.

344 4274 422 4334 18
621 4274 778 4331 Inud
818 4277 1009 4346 igitur
1048 4281 1328 4333 sanctuni
1370 4273 1693 4331 concilium
1736 4274 1962 4345 dogma
2002 4274 2080 4331 de
2119 4276 2335 4331 cadem
2374 4280 2597 4332 natura
2643 4276 2701 4327 et

442 4348 806 4405 aeternitate
848 4348 951 4404 filii
991 4349 1204 4406 statuit
1242 4354 1303 4405 ct
1341 4348 1618 4404 divinum
1667 4347 1815 4417 fidei¹
1856 4347 2199 4420 symbolum
2246 4347 2449 4404 statim
2497 4343 2700 4414 edidit,
