2870 4966
704 275 1204 346 vrrAmAst.
1278 276 1528 346 nvnm
1565 278 1669 347 m·
1702 278 2019 348 Pensm
2373 281 2480 350 14³1

254 473 508 550 στασίου.
596 469 661 539 οί
703 468 774 537 δὲ
816 468 1151 558 προστάξει
1191 475 1306 538 τοῦ
1348 470 1660 561 βασιλέως
1706 472 2033 543 Ἰουστίνου
2077 471 2187 543 καί
2233 472 2478 543 'Ioven-
2498 479 2570 540 1⁶

254 583 456 654 mmo
498 597 691 666 φασιν
734 573 1144 662 ἀναιρεθῆναι
1187 573 1381 644 αὑτὸν
1424 575 1494 643 έν
1535 583 1630 664 τῷ
1673 575 1998 666 Παλατίῳ,
2058 577 2325 648 θέλοντα
2370 577 2480 648 καί

256 687 436 756 αὑτοῦ
477 684 590 749 τοῦ
633 684 1016 766 κρατοῦντος
1059 678 1415 767 κατάρχειν·
1463 681 1880 770 στρατηλάτης
1924 682 1995 750 δὲ
2028 686 2159 750 τῶν
2186 705 2479 770 στρατευ-

254 790 462 880 μότων
507 780 929 856 Ἰουστινιανὸς
979 785 1465 870 προκεχείριστο.
1560 783 1856 853 Ἰωάννου
1913 785 1984 853 δὲ
2038 791 2150 854 τοῦ
2202 786 2478 855 Καππα-
2500 793 2570 853 16
2603 791 2650 853 Β

212 905 244 965 ⁶
259 893 442 962 ὂόκσυ
484 885 811 970 θανόντος,
877 886 952 959 ὃς
1001 887 1391 976 πατριάρχης
1434 887 1516 977 ἦν
1561 889 2307 979 Κωνσταντινουπόλεως,
2372 916 2478 961 κε-

258 992 632 1089 χειροτόνητο
674 988 1036 1078 Ἐπιφάνιος
1080 998 1190 1080 τῆς
1233 992 1568 1079 ἐκκλησίας
1609 983 1836 1084 ταύτης
1878 994 2327 1082 πρεσβύτερος·
2372 994 2482 1066 καί
2503 1001 2569 1065 17

258 1098 547 1189 Ὀρμίσόα
610 1100 723 1163 τοῦ
783 1094 965 1163 πάπα
1020 1094 1272 1185 Ῥώμης
1330 1096 1788 1187 μετηλλαχότος
1850 1097 1921 1167 τὸ
1986 1100 2120 1189 ζῆν,
2187 1098 2483 1191 Ἰωάννης

258 1205 390 1279 τοὺς
429 1209 536 1291 τῆς
579 1198 912 1287 ἐκκλησίας
955 1199 1288 1288 Ῥωμαίων
1335 1202 1650 1281 διεδέξατο
1695 1205 1932 1279 οἴακας.
2461 1230 2464 1239 ·

409 1307 689 1397 Ἔχθρας
754 1305 823 1372 ὑὲ
871 1304 1207 1393 Ῥωμαίοις
1267 1306 1431 1393 πρὸς
1494 1307 1756 1395 Πέρσας
1817 1310 2031 1397 οὔσης,
2094 1308 2133 1378 ὀ
2194 1307 2484 1397 βασιλεὺς
2504 1316 2571 1378 18

190 1417 559 1489 ιοἾουστῖνος
619 1409 784 1498 πρὸς
844 1410 954 1478 τὸν
1016 1411 1180 1498 ῥῆγα
1245 1415 1373 1478 τῶν
1426 1411 1694 1480 Οὔννων
1748 1413 1967 1482 ἔστειλε
2022 1414 2312 1502 πρέσβεις
2373 1412 2483 1483 καὶ
2596 1446 2603 1456 ·

166 1514 171 1519 ’
262 1523 446 1605 δῶρα,
501 1517 864 1603 συμμαχίαν
909 1517 1103 1582 αἰτῶν
1146 1515 1305 1582 κατὰ
1353 1520 1483 1583 τῶν
1532 1515 1832 1603 Περσῶν·
1895 1517 2003 1586 καὶ
2048 1520 2123 1595 ὃς
2166 1521 2481 1588 συνέθετο.

261 1625 355 1692 καί
394 1627 501 1688 τοῦ
536 1619 825 1706 ἼΠερσῶν
871 1621 941 1687 ὀὲ
992 1619 1301 1707 βασιλέως
1348 1619 1654 1688 Κουάόοι·
1710 1620 1820 1688 τὸν
1872 1620 2065 1691 αὑτὸν
2120 1623 2284 1712 ῥῆγα
2340 1624 2483 1710 περὶ
2504 1631 2571 1691 19

264 1726 599 1813 συμμαχίας
644 1723 1047 1800 ἀξιώσαντος,
1095 1725 1330 1797 ἐκεῖνος
1374 1732 1785 1812 συμμαχῆσαι
1830 1727 2008 1813 αὐτῷ
2051 1727 2481 1815 ἐπηγγείλατο·

262 1832 357 1900 καὶ
395 1830 636 1916 ἀπῆλθε
678 1828 844 1915 πρὸς
888 1828 1148 1914 Πέρσας
1201 1827 1358 1915 μετὰ
1415 1830 1594 1914 λαοῦ,
1660 1828 1819 1896 κατὰ
1857 1831 2196 1918 Ῥωμαίων
2241 1833 2480 1899 ἄντιτα·

193 1947 251 2005 15
265 1937 524 2022 ξάμενος.
614 1933 653 1999 ὖ
696 1935 906 2019 μέντοι
951 1932 1240 2020 βασιλεὺς
1277 1931 1607 2007 ’Ῑουστῒνος
1657 1934 1800 2019 περὶ
1853 1936 2105 2022 εἰρήνης
2146 1936 2483 2023 πρεσβείαν
2498 1945 2572 2004 20
2603 1942 2649 2006 0

265 2040 475 2111 στείλας
515 2035 679 2123 πρὸς
721 2036 832 2103 τὸν
873 2041 1004 2103 τῶν
1033 2035 1312 2123 Περσῶν
1355 2037 1629 2121 βασιλέα,
1673 2038 1765 2124 μὴ
1810 2040 2112 2106 πιστεύειν
2155 2046 2283 2113 τοῖς
2313 2039 2479 2107 Οὕν-

263 2167 377 2216 νοις
424 2143 595 2228 αὐτῷ
651 2142 949 2227 ἔγραψεν,
1015 2140 1110 2213 ὥς
1163 2141 1402 2226 ὅρκους
1453 2141 1609 2227 μετὰ
1647 2140 1987 2229 Ῥωμαίων
2036 2143 2180 2229 περὶ
2225 2167 2478 2230 συμμα-
2498 2154 2566 2213 21

262 2248 386 2333 χίας
409 2245 849 2332 ποιησαμένοις
878 2244 985 2310 καὶ
1024 2244 1318 2331 χρήματα
1364 2245 1627 2332 λαβοῦσι
1670 2246 1869 2313 πολλὰ
1915 2247 2023 2314 καὶ
2067 2247 2482 2335 βουλομένας

264 2456 295 2514 4
323 2455 431 2529 περὶ
461 2461 801 2528 πατριαρχῶν
838 2452 935 2515 ΟΕ
1224 2454 1293 2515 15
1328 2457 1405 2513 ὅτι
1444 2455 1713 2514 ἐσπείσατο
1750 2464 1857 2520 τοῖς
1892 2458 2130 2529 Πέρσαις
2163 2458 2197 2515 ὀ
2231 2460 2371 2525 (om.
2409 2455 2481 2523 Ε)

259 2530 509 2591 Ἰουστΐνος
547 2528 643 2586 OE

359 2724 384 2781 1
422 2730 552 2798 post
586 2724 677 2782 και·
714 2722 854 2783 add.
899 2731 991 2783 τοῦ
1028 2722 1178 2798 pr
1358 2724 1394 2782 2
1429 2723 1487 2782 ἐν
1523 2731 1602 2797 τῷ
1638 2723 1893 2797 Παλατίῳ
1933 2739 2048 2784 om.
2084 2721 2149 2796 Β,
2188 2739 2247 2784 ν.
2284 2722 2481 2783 ΜαΙειΙ.

358 2813 476 2855 exc.
525 2796 600 2854 de
647 2798 822 2856 insid.
868 2799 930 2856 in
970 2796 1233 2856 Hermae
1284 2797 1402 2856 vol.
1442 2796 1523 2855 VI
1563 2813 1618 2872 p.
1656 2796 1764 2855 3⁷5
1802 2798 1979 2870 infra,
2037 2796 2265 2870 Euagr.
2303 2796 2374 2855 11.
2415 2796 2481 2855 1⁸2.

357 2869 429 2927 1v
463 2870 515 2941 3,
551 2870 808 2946 l’rocop.
847 2870 935 2928 111
974 2887 1031 2944 p.
1070 2871 1156 2940 46,
1188 2871 1254 2928 19
1273 2887 1349 2928 ss.
1495 2869 1530 2929 4
1567 2871 1852 2944 καπαῦόκη
1892 2870 1947 2928 1)
2090 2873 2127 2927 8
2162 2867 2303 2942 τοὺς]
2343 2867 2396 2927 τὲ
2434 2868 2482 2929 1·:

422 2943 629 3009 ἐὸέξατο
666 2943 720 3001 D
866 2944 901 3001 9
935 2943 1070 3015 πρὸς
1107 2943 1267 3002 intra
1306 2944 1500 3001 lineas
1542 2959 1656 3017 sup
1703 2944 1739 3001 1.
1778 2943 1881 3006 Dw
2028 2942 2097 3001 10
2133 2951 2241 3000 τῶν
2273 2940 2482 3001 οὕννων

357 3016 413 3072 iu
448 3017 640 3087 spatio
680 3033 746 3074 se
769 3021 911 3075 ›tem
952 3020 1080 3074 i‘cre
1118 3017 1455 3074 litterarum
1494 2961 1698 3090 suppe
1729 3016 1824 3079 Ew
1861 3020 1942 3084 (ν.
1971 3016 2296 3091 n-Wssyae.
2324 3012 2484 3073 Zoit-

356 3089 501 3147 schr.
539 3106 591 3147 a.
634 3090 738 3148 189
812 3107 868 3166 p.
907 3088 1036 3160 216)
1184 3090 1244 3147 11
1286 3097 1394 3148 τῶν
1433 3105 1551 3149 om.
1592 3089 1742 3182 pr
1892 3090 1959 3148 16
1995 3089 2084 3148 τὸν
2122 3096 2230 3146 τῶν
2266 3087 2336 3162 Α,
2374 3095 2484 3147 τῶν

243 3170 249 3180 ’
358 3176 462 3220 om.
498 3161 585 3219 τὸν
623 3163 686 3236 Ε,
726 3163 815 3222 τὸν
854 3179 968 3221 om.
1006 3169 1114 3221 τῶν
1152 3161 1299 3237 pr
1465 3161 1803 3232 assumerem·
1840 3161 1892 3221 A
2064 3163 2133 3222 18
2166 3161 2481 3238 βουλομένω

356 3235 479 3308 (sic)
514 3234 570 3293 D

263 3415 415 3474 iussu
449 3419 609 3492 reg-is
634 3417 849 3478 Iustini
887 3425 948 3479 et
975 3419 1294 3478 Iustiniani
1333 3420 1545 3479 dicunt
1582 3436 1721 3478 eum
1760 3419 2063 3479 sublatum
2102 3434 2236 3477 esse
2272 3418 2335 3477 in
2374 3417 2483 3476 Pa·

265 3487 407 3561 latio,
443 3506 575 3547 cum
613 3499 674 3550 et
703 3494 817 3566 ipsi
846 3492 1089 3551 domino
1118 3493 1300 3550 vellet
1324 3495 1652 3568 imperare3
1690 3495 1981 3567 mag-'ister
2005 3492 2257 3550 militum
2284 3494 2482 3549 sactus

264 3570 346 3617 est
367 3562 741 3622 lastinianus,
815 3565 1048 3623 Ioanne
1074 3566 1440 3638 cappadoce
1474 3573 1733 3637 mortuo,
1770 3566 2117 3641 patriarcha
2142 3562 2188 3623 C
2233 3565 2474 3636 olitano,
2500 3564 2570 3624 16

265 3632 631 3706 Epiphanius,
689 3638 983 3696 ecclesiae
1040 3639 1220 3695 huius
1274 3640 1614 3713 presbyter,
1677 3646 1919 3696 creatus
1975 3643 2091 3710 est3
2216 3636 2480 3695 ormisda
2501 3638 2567 3699 17

265 3704 425 3836 item,¹
442 3725 599 3782 papa
625 3709 917 3782 Romano,
956 3712 1264 3782 defuncto,
1303 3711 1565 3770 Ioannes
1591 3711 1885 3770 ecclesiae
1910 3710 2220 3769 Romanae
2259 3710 2481 3784 guber·

265 3792 406 3835 naeu
430 3797 465 3837 a
502 3785 782 3856 suscepit.

424 3852 568 3910 Cum
627 3853 830 3913 autem
889 3855 1177 3913 Romanis
1232 3856 1584 3914 inimicitiae
1643 3861 1845 3914 essent
1897 3855 2195 3913 adversus
2244 3853 2481 3926 Persas,
2504 3856 2570 3914 18

263 3937 360 3979 rex
385 3923 645 3982 Iustinus
684 3929 878 3985 missis
916 3929 1136 4000 legatis
1174 3944 1310 3986 cum
1349 3930 1706 3987 muneribus
1743 3928 1821 3985 ad
1860 3942 2069 4001 reg-em
2099 3927 2481 3998 Hunnorum,

300 3996 356 4050 ui
408 3999 752 4056 societatem
809 4010 1023 4058 contra
1077 4000 1296 4058 Persas
1352 4007 1649 4074 peterent,
1703 4002 1802 4058 ilie
1859 3999 2171 4057 concessit.
2246 3997 2369 4057 Sed
2423 4005 2484 4057 et
2505 4001 2572 4059 19

305 4069 546 4140 madae,
602 4070 925 4129 Persarum
974 4074 1126 4145 regi,
1180 4075 1505 4131 amicitiam
1554 4074 1784 4146 petenti
1831 4073 1989 4130 idem
2033 4087 2143 4129 rex
2183 4072 2485 4144 pellicitus

263 4153 321 4193 se
363 4144 649 4200 auxilium
688 4161 821 4201 esse
864 4146 1147 4216 laturum,
1204 4146 1282 4202 ad
1318 4146 1539 4203 Persas
1589 4162 1727 4203 cum
1783 4146 1973 4219 copiis
2028 4148 2120 4201 est
2174 4145 2485 4217 prefectus

262 4208 546 4270 Romanos
585 4223 1070 4289 oppugnaturus.
1144 4218 1224 4276 At
1263 4235 1370 4276 rex
1410 4220 1678 4276 Iustinus
1716 4217 1793 4274 de
1831 4233 1983 4292 pace
2025 4217 2081 4274 lc
2130 4217 2245 4273 atis
2288 4218 2574 4276 missis20

261 4280 564 4344 Persarum
617 4291 752 4361 regi
791 4291 1054 4363 scripsit,
1111 4307 1188 4349 ne
1239 4292 1574 4348 confideret
1614 4291 1871 4361 Hunnis,
1928 4290 2030 4363 qui
2110 4289 2485 4346 ureiurando
2501 4291 2570 4350 21

261 4368 382 4412 cum
424 4358 703 4419 Romanis
752 4365 1044 4422 societate
1101 4365 1265 4422 facta
1320 4365 1681 4437 magnisque
1736 4367 2002 4438 acceptis
2053 4361 2228 4419 donis
2268 4361 2485 4420 Persas
2558 4425 2565 4431 ,
