2870 4966
389 302 501 362 332
716 388 744 397 ..
988 300 1267 365 zoNAR.
1305 303 1509 365 nprr.
1546 304 1658 366 xv
1694 305 1782 380 21,
1823 249 2055 368 19-52.
2103 351 2106 356 .

177 580 183 591 ι
237 559 275 579 ,·
312 500 315 505 ’
353 491 633 581 ἐκείνης
695 491 1082 581 κελευούσης
1144 494 1412 580 αῑζιιατος
1468 492 1668 580 ἄγγος
1719 518 1775 560 τι
1827 491 2190 582 πλησθῆναι
2234 492 2347 563 καὶ
2395 493 2664 585 δοθῆναι

268 592 371 658 ’20
386 590 464 686 τῇ
506 604 623 667 τοῦ
666 597 982 687 βασιλέως
1024 598 1235 687 μητρί.
1327 603 1441 687 τῆς
1487 596 1558 665 δὲ
1603 594 1695 687 μὴ
1742 599 2164 688 προσιεμένης
2192 597 2265 669 τὸ
2295 601 2661 689 προσφερό.

319 704 370 765 0
383 727 602 793 μενον,
668 703 867 794 φάναι
929 701 1044 792 τὴν
1104 709 1427 793 περιφανῆ
1483 707 1750 790 γυναῖκα
1811 702 2056 792 ἐκείνην
2110 703 2197 773 “6
2255 703 2324 772 δὲ
2371 702 2485 779 σὸς
2530 706 2663 784 υἱὸς

291 853 297 857 .
383 805 533 903 τοὺς
590 807 713 898 ἐμὲ,
758 813 1073 897 τιμῶντας
1129 808 1419 897 αἱμάτων
1475 806 1814 896 ἐμπίπλησι
1858 808 1969 876 καὶ
2013 802 2123 877 τὸν
2168 806 2328 878 θεὸν
2372 808 2482 878 καὶ
2527 812 2662 881 υἱόν

292 915 360 975 21
381 939 515 1004 μου
573 914 662 991 είς
715 915 917 1003 ὀργὴν
969 917 1169 983 κινῶν
1222 913 1302 982 οὗ
1359 913 1666 1001 συνίησι.”
1756 919 1949 981 ταῦτα
1997 912 2159 982 εἶδεν
2206 914 2245 1003 ἡ
2291 915 2506 1004 μήτηρ
2551 923 2660 986 τοῦ
2678 926 2708 988 ὁ

383 1019 664 1098 Λέοντος
708 1019 818 1089 καὶ
863 1026 960 1106 τῷ
1003 1021 1130 1107 υῑςῦ
1175 1018 1511 1109 ἀπήγγειλε
1555 1015 1628 1085 τὸ
1675 1017 1967 1086 ἐνύπνιον
2012 1018 2122 1086 καὶ
2166 1019 2376 1088 ἐδέετο
2413 1020 2659 1088 παύσα-

384 1127 537 1195 σθαι
581 1131 696 1194 τοῦ
742 1124 910 1194 κατὰ
962 1129 1094 1193 τῶν
1148 1129 1397 1195 σεπτῶν
1451 1122 1723 1191 εἰκόνων
1778 1124 2205 1211 τολμήματος,
2272 1119 2419 1202 ἀλλ’>
2456 1125 2658 1203 ἐξεκε-

292 1233 365 1295 22
382 1232 594 1321 κώφει
640 1233 679 1300 ὅ
727 1232 996 1306 δείλαιος
1040 1229 1148 1299 καὶ
1203 1231 1560 1317 θεομαχῶν
1615 1229 1738 1297 οὐκ
1798 1229 2083 1297 ἐπαύετο.
2177 1227 2358 1297 ὥπτο
2424 1230 2494 1298 δὲ
2557 1233 2662 1300 καὶ

383 1339 423 1405 ὅ
467 1340 647 1413 θεῖος
689 1338 1086 1426 πατριάρχης
1116 1336 1450 1422 ’Ταράσιος
1503 1330 1660 1403 καθ’
1709 1335 1952 1409 ὕπνους
2007 1333 2119 1401 τινὶ
2177 1336 2302 1424 ἤδη
2364 1342 2475 1424 τῆς
2533 1337 2659 1404 ἐπι-

361 1444 594 1535 -κήρου
648 1443 879 1531 ταύτης
934 1446 1111 1532 ζωῆς
1163 1440 1494 1530 μεταστάς,
1563 1440 2002 1528 ἐπιβοώμενός
2057 1465 2190 1508 τινα
2241 1441 2504 1529 Μιχαὴλ
2557 1443 2662 1511 καὶ
2682 1456 2740 1511 10

289 1550 365 1608 23
384 1550 672 1617 ἐπελθεῖν
725 1557 821 1635 τῷ
877 1548 1103 1616 Λέοντι
1160 1546 1270 1614 καὶ
1327 1552 1559 1613 κτεῖναι
1622 1552 1847 1613 τοῦτον
1912 1533 2415 1632 ἐγκελευόμενος.
2509 1548 2660 1615 ἀλλὰ
2765 1600 2768 1603 ,

383 1653 492 1721 καὶ
539 1656 579 1742 ἡ
629 1656 697 1722 ἐν
740 1662 836 1741 τῷ
890 1653 1259 1741 Φιλομηλίῳ
1312 1657 1608 1739 μοναχοῦ
1663 1650 2133 1737 προαγόρευσις
2177 1652 2287 1718 καὶ
2332 1647 2466 1719 ἄλλ’
2515 1653 2659 1720 ἄττα
2679 1667 2726 1725 D
2745 1668 2815 1727 111*

291 1757 363 1815 24
383 1759 739 1845 ὑπέθραττε
783 1757 894 1826 τὸν
924 1758 1172 1825 Λέοντα
1219 1756 1330 1824 καὶ
1376 1757 1706 1843 ἐδείμαινε.
1799 1758 1962 1830 τέως
2009 1752 2068 1823 δ’
2106 1754 2224 1823 οὖν
2253 1756 2490 1830 κλοιοῖς
2518 1758 2663 1832 τοὺς

305 1862 363 1919 D
382 1859 592 1937 πόδας
636 1869 749 1930 τοῦ
785 1863 1047 1951 ΙΙΙιχαὴλ
1086 1863 1520 1949 ἐνδησάμενος
1564 1861 1690 1928 τὸν
1717 1861 1838 1947 μὲν
1883 1870 1979 1948 τῷ
2023 1862 2230 1948 παπίᾳ
2276 1864 2659 1950 ῳρουρηθη-

382 1966 656 2055 σόμενον
707 1969 1196 2053 παραδέδωκεν,
1257 1964 1452 2040 αὐτὸς
1499 1966 1570 2033 δὲ
1615 1967 1729 2053 τὴν
1773 1967 1993 2033 κλεῖδα
2036 1974 2284 2055 κατεῖχε
2328 1973 2441 2034 τοῦ
2488 1969 2659 2056 σιδη-
2683 1978 2740 2038 lt

290 2072 364 2131 25
382 2073 536 2158 ρέου
595 2073 855 2161 δεσμοῦ.
967 2074 1311 2162 ἔμφροντις
1369 2072 1441 2141 δὲ
1494 2072 1608 2161 τὴν
1663 2072 1860 2140 νύκτα
1919 2073 2161 2160 διάγων
2219 2074 2341 2142 οὐκ
2389 2073 2515 2163 εἶχε
2558 2073 2663 2143 τὸν

257 2334 260 2339 2
357 2303 419 2362 -8
454 2304 634 2375 ἕτερον
670 2303 917 2363 ἐνύπνιον
955 2302 1079 2364 ΟΕ,
1201 2303 1271 2362 18
1307 2304 1385 2362 ὅτι
1422 2301 1681 2377 πεδηθεὶς
1718 2300 1839 2369 τοὺς
1875 2304 2046 2368 πόδας
2083 2305 2115 2364 ὀ
2139 2303 2366 2379 Μιχαὴλ
2394 2312 2471 2379 τῷ
2495 2307 2661 2380 παπίᾳ

380 2378 662 2452 παρεδόθη
701 2376 1061 2451 φυλάττεσθαι
1103 2376 1200 2439 ΟΕ

488 2593 525 2651 2
558 2591 637 2668 μὴ
680 2609 794 2652 om.
824 2593 872 2652 Ε
1015 2593 1371 2667 προεσιμένης
1402 2593 1476 2666 D,
1515 2609 1670 2652 corr.
1697 2592 1804 2656 Dw
1951 2593 1987 2652 8
2025 2600 2192 2667 φᾶναι
2231 2593 2329 2654 ΟΕ
2471 2595 2508 2653 4
2545 2594 2658 2654 υἱὸν

489 2668 582 2725 καὶ
618 2667 749 2726 θεὸν
788 2665 833 2728 C
978 2668 1015 2726 5
1055 2673 1193 2742 post
1229 2675 1390 2725 ταῦτα
1430 2666 1572 2725 add.
1609 2665 1667 2723 ἐν
1703 2667 1927 2739 ὀνείροις
1966 2667 2117 2741 pr
2188 2713 2192 2719 .
2254 2668 2287 2727 ‘1
2325 2668 2657 2743 ἐξεκεκώῳτι
2780 2667 2784 2674 ’

491 2740 656 2799 ARw
694 2740 765 2809 (Β
806 2757 962 2799 eorr.
1003 2757 1083 2800 ex
1120 2741 1390 2814 ἔξεκώφει
1416 2742 1542 2812 ων),
1584 2737 1760 2807 ἕξεκώ,
1808 2761 1853 2797 ει
1893 2758 1931 2814 p
1973 2743 2348 2814 coniectura,
2390 2747 2460 2800 ut
2498 2742 2658 2800 vide-

491 2818 616 2886 tur3
657 2832 714 2873 v.
751 2825 914 2887 quae
951 2832 1078 2873 non
1118 2820 1285 2873 reete
1324 2815 1560 2872 iudicat
1598 2814 1713 2871 hae
1794 2830 1832 2872 e
1868 2816 2068 2872 forma
2103 2814 2173 2871 L.
2202 2814 2559 2874 Dindorflus
2597 2816 2657 2872 in

490 2886 695 2960 Stepln.
736 2888 887 2945 thee.
928 2889 1048 2946 vol.
1089 2884 1177 2946 III
1219 2905 1275 2962 p.
1302 2888 1411 2946 466
1434 2886 1480 2947 C
1564 2949 1572 2961 ⁵
1625 2888 1678 2944 8.
1718 2887 1761 2944 9·
1790 2908 1889 2944 τινι
1927 2887 2060 2945 καθ’
2098 2889 2299 2951 ὕπνους
2338 2894 2476 2962 post
2513 2889 2657 2946 ὥπτο

490 2961 550 3019 δὲ
590 2962 638 3020 Ο
785 2962 821 3019 9
859 2962 893 3036 ἢ
931 2961 1006 3033 D,
1046 2963 1152 3036 ἤδη
1193 2979 1346 3020 corr.
1391 2961 1495 3024 Dw
1644 2960 1728 3017 -10
1764 2962 1910 3035 ζωῆς
1949 2978 2064 3018 om.
2104 2960 2159 3017 D
2316 2963 2410 3020 καὶ
2450 2978 2565 3020 om.
2605 2961 2657 3018 D

490 3036 561 3092 12
599 3039 736 3107 post
775 3035 809 3109 ἦ
848 3031 1123 3110 addae&
1162 3035 1410 3108 Bcsswp
1592 3034 1891 3107 φιλομιλίῳ
1927 3034 2096 3107 pr,
2135 3051 2192 3092 v.
2233 3034 2313 3093 ad
2352 3035 2464 3095 XV
2504 3037 2587 3106 19,
2624 3034 2658 3092 4

407 3109 434 3144 ·’
560 3109 786 3167 ἀλλάττει
823 3106 978 3168 ACE
1117 3111 1186 3167 13
1217 3110 1528 3182 »ὑπέθραπτε
1568 3108 1888 3183 p*,invitis
1925 3107 2091 3165 ARW
2204 3108 2272 3165 14
2308 3110 2659 3182 ἕνδυσάμενος
2709 3166 2716 3174 ,

490 3182 565 3252 D,
605 3198 758 3241 eorr.
799 3183 904 3245 Dw
1039 3182 1125 3241 14.
1166 3201 1222 3257 p.
1259 3183 1385 3251 333,
1424 3183 1475 3239 2.
1504 3182 1555 3240 3.
1582 3182 1634 3239 4.
1665 3180 1752 3239 10.
1780 3181 1864 3238 14.
1894 3198 1950 3255 p.
1977 3180 2102 3253 334,
2141 3181 2192 3239 6.
2236 3183 2303 3239 13
2342 3183 2657 3241 revocavit

487 3273 714 3314 nomen
760 3257 1204 3329 appellativum
1252 3258 1493 3330 papiae,
1553 3256 1729 3314 euius
1779 3256 1896 3314 viri
1945 3260 2080 3313 erat
2123 3255 2337 3330 palatii
2380 3256 2659 3315 custodia

489 3330 662 3390 B·W
802 3330 871 3388 15
907 3330 1132 3419 xate‘oge
1171 3329 1217 3390 C
1363 3331 1640 3403 σιδηρείου
1679 3329 1727 3386 Β

212 3572 215 3575 ’
285 3534 492 3596 20vas
550 3556 624 3598 eo
681 3541 989 3613 satiguine
1046 3540 1310 3615 plenum.
1392 3541 1568 3607 Quae
1626 3556 1765 3597 cum
1822 3540 1884 3597 ld
1941 3540 2397 3610 adversaretur,
2457 3541 2658 3597 dicere

378 3612 674 3671 illustrem
732 3615 893 3670 illam
951 3622 1322 3672 matronam:
1379 3612 1508 3671 “At
1565 3615 1724 3670 filius
1780 3618 1924 3671 tuus
1981 3631 2104 3685 eos,
2164 3614 2269 3685 qui
2326 3630 2424 3671 me
2481 3630 2657 3670 vene·

378 3692 613 3757 rantur,
676 3689 984 3759 sang-uine
1035 3688 1244 3760 implet
1290 3703 1495 3759 neque
1545 3688 1853 3759 lntellegit¹
1892 3703 1959 3744 se
2016 3691 2078 3744 et
2130 3686 2313 3743 deum
2363 3692 2424 3744 et
2473 3687 2658 3743 lilium

284 3753 356 3812 21
379 3774 579 3815 meum
638 3760 719 3816 ad
776 3761 928 3816 iram
989 3760 1437 3818 eommove1·e.”
1527 3760 1699 3817 Haec
1762 3760 1916 3817 vidit
1971 3759 2197 3817 Leonis
2263 3765 2461 3817 mater
2519 3759 2658 3815 filio·

421 3846 501 3888 ue
563 3835 853 3905 exposuit
927 3834 1249 3903 obtestata„
1321 3840 1391 3889 ut
1455 3834 1517 3890 in
1582 3833 1974 3889 venerandas
2043 3832 2348 3905 imagines
2422 3832 2660 3889 saevire

423 3904 715 3962 esisteret.
792 3904 913 3962 Sed
959 3907 1142 3962 miser
1182 3906 1361 3963 homo
1401 3906 1816 3962 obsurduerat
1856 3904 2165 3977 deumque
2205 3906 2508 3961 lacessere
2535 3919 2662 3976 per-

284 3972 361 4032 22
382 3977 585 4034 ⁰ebat.
662 3978 767 4035 Est
806 3986 866 4035 et·
904 3986 1153 4035 sanetus
1192 3978 1487 4051 Tarm-zius
1521 3979 1642 4035 iam
1670 3993 1744 4034 ex
1777 3977 1893 4034 hae
1921 3979 2048 4034 vita
2076 3993 2445 4034 aerunmosa
2473 3982 2661 4033 trans·

378 4018 539 4105 fatus
596 4050 840 4107 euidam
899 4051 961 4108 ln
1020 4051 1247 4107 somnis
1306 4052 1492 4121 visua,
1564 4052 1669 4122 qul
1717 4049 2074 4107 Mieballlem
2124 4049 2432 4122 quendam
2483 4049 2662 4104 inela-

378 4126 575 4179 maret
613 4138 880 4195 eumque
919 4124 998 4180 ad
1024 4123 1444 4181 invadendum
1475 4128 1536 4181 et
1564 4123 1968 4180 occidendum
1997 4121 2270 4180 Leonem
2297 4123 2659 4179 hortaretur.

284 4191 360 4249 23
380 4192 501 4251 Sed
541 4200 603 4251 et
641 4195 1058 4253 Philomeliani
1098 4198 1382 4272 monachi
1427 4196 1745 4269 praedicta
1785 4203 1846 4252 et
1884 4197 2006 4251 alia
2046 4195 2352 4268 quaedam
2392 4194 2660 4251 Leonem

283 4265 359 4323 24
380 4268 717 4324 turbabant
756 4275 818 4325 et
857 4269 1188 4326 terrebant.
1230 4283 1233 4287 ’
1266 4269 1513 4325 Interea
1555 4268 1912 4324 Miebalilem
1952 4268 2352 4340 compedibus
2393 4268 2660 4324 vinetum

379 4342 604 4412 papiae
643 4342 1113 4399 eustodiendnm
1156 4342 1406 4399 tradidit
1433 4348 1495 4398 et
1530 4342 1765 4400 clavem
1810 4357 1987 4397 serae
2027 4345 2267 4397 ferreae
2305 4343 2437 4413 ipse
2474 4353 2661 4395 asser·

282 4411 360 4471 25
380 4414 571 4471 vavit.
648 4414 845 4481 Quam
885 4422 1125 4474 noctem
1166 4431 1306 4473 eum
1342 4416 1664 4473 sollicitam
1692 4421 1752 4473 et
1780 4431 1859 4473 ex
1886 4414 2297 4473 sollieitudine
2324 4416 2661 4471 insomnem
