2870 4966
463 314 598 377 268.
1057 310 1335 381 ZONAR.
1375 318 1576 381 EPIT.
1615 320 1726 383 XV
1762 318 1815 393 ὖ,
1853 316 2049 392 20-6,
2088 316 2140 380 8.

462 506 619 577 δστᾶ
661 506 771 578 καὶ
818 502 898 579 δι’
947 509 1176 600 ἑαυτῆς
1221 509 1588 600 ἀπενεγκεῖν
1618 510 1778 580 αὑτὰ
1809 510 1918 580 καὶ
1949 509 2136 599 ῥῖψαι
2165 505 2254 583 είς
2282 504 2358 576 τὰ
2397 506 2723 604 Πελαγίου,
2798 504 2805 514 ’

370 604 623 684 21ἔνθα
678 614 1045 704 ἐρρίπτοντο
1081 618 1146 685 οἱ
1172 617 1556 706 κατάκριτοι.
1648 617 1913 708 άμίλλης
1960 615 2031 685 δὲ
2075 613 2456 703 τελουμένης
2500 617 2722 711 ἵππων,
2787 652 2795 660 ·

458 719 571 788 τὸν
606 720 1043 811 ’Λρτάβασδον
1086 723 1197 791 καὶ
1241 721 1390 799 τοὺς
1432 722 1670 799 παῖδας
1714 725 1913 790 αὐτοῦ
1968 724 2037 790 ἐν
2088 710 2273 810 μέσῳ
2326 730 2421 810 τῷ
2477 723 2724 816 θεάτρῳ

38 816 123 879 W
146 817 239 879 ῙῙῙ
258 819 332 880 83
368 818 442 880 22
461 827 788 916 διαγαγὼν
841 829 1320 917 ἐθριάμβευσεν.
1414 828 1572 898 ἀλλά
1625 828 1758 918 μὴν
1809 826 1921 898 καὶ
1965 827 2075 896 τὸν
2118 827 2515 917 πατριάρχην
2549 831 2722 901 Ἀνα-

459 935 713 1002 στάσιον
757 935 887 1003 ἀπὸ
925 941 1039 1003 τοῦ
1071 935 1365 1004 Διιππίου
1395 938 1769 1024 εἰσαχθῆναι
1815 936 2118 1011 κελεύσας
2164 936 2302 1021 ὄνῳ
2348 935 2769 1023 ἐφεζόμενονῦ

458 1041 917 1128 ἀντιστρόφως,
982 1038 1062 1108 ἵν’.
1121 1042 1248 1128 ὁρᾷ
1302 1041 1470 1129 πρὸς
1535 1042 1757 1128 οὐράν,
1825 1043 2068 1128 ἀτίμως
2132 1042 2305 1108 οὕτω
2369 1040 2480 1107 καὶ
2543 1036 2723 1112 αὐτὸν

459 1142 887 1230 ἐθριάμβευσε
930 1143 1245 1230 πρότερον
1292 1144 1623 1232 δημοσίαις
1651 1145 1995 1231 τυφθέντα,
2045 1145 2209 1211 ὥστε
2238 1145 2353 1232 τὴν
2382 1144 2725 1235 πρόρρησιν

366 1243 440 1303 23
456 1254 569 1315 τοῦ
617 1249 914 1336 ἀοιδίμου
953 1249 1352 1336 πατριάρχου
1382 1249 1453 1315 Γ
1443 1256 1726 1336 ερμανοῦ
1759 1251 1847 1323 είς
1878 1251 2067 1337 ἔργον
2098 1251 2377 1338 ἐκβῆναι.
2472 1252 2724 1323 ὄπισθεν

123 1350 182 1409 Ρ
191 1350 252 1410 11
265 1349 434 1411 108A
458 1353 581 1441 γάρ
625 1379 779 1421 ποτε
823 1359 936 1421 τοῦ
983 1355 1321 1441 εἶρημένου
1352 1355 1749 1442 πατριάρχου
1780 1355 2153 1441 βαδίζοντος
2182 1362 2296 1422 τοῦ
2325 1357 2722 1426 Ἀναστασίου

456 1447 582 1527 καῖ
610 1462 1007 1547 πατήσαντος
1051 1460 1123 1527 τὸ
1171 1462 1414 1528 ἐκείνου
1475 1460 1857 1549 ὠμόφορον,
1925 1460 2224 1548 στραφεὶς
2271 1461 2309 1529 ὅ
2356 1461 2525 1548 ἱερὸς
2570 1464 2720 1554 Γερ-
2739 1464 2796 1526 10

366 1562 438 1622 24
455 1564 664 1652 μανὸς
723 1568 848 1654 ἔφη
904 1566 1041 1654 “μὴ
1103 1567 1363 1633 σπεῦδε·
1428 1565 1501 1633 τὸ
1550 1566 1840 1633 Διίππιόν
1894 1589 1965 1633 σε
2023 1568 2413 1656 ἐκδέχεται.”
2505 1571 2580 1636 ὃν
2622 1572 2722 1639 καὶ

455 1671 613 1757 μετὰ
660 1671 774 1758 τὴν
819 1673 1044 1758 ἄτιμον
1097 1669 1506 1759 περιαγωγὴν
1564 1672 1660 1746 ὡς
1716 1672 2059 1759 ὁμόφρονά
2119 1675 2182 1739 οῖ
2233 1680 2344 1760 τῆς
2398 1673 2723 1762 ἐκκλησίας

357 1834 361 1839 ,
458 1773 650 1850 αὖθις
694 1783 947 1862 κρατεῖν
991 1776 1101 1843 καὶ
1147 1778 1442 1863 ἱερᾶσθαι
1487 1779 2023 1864 παρακεχώρηκε.

394 1872 438 1939 6
643 1881 789 1948 Τῶν
825 1881 1126 1968 Ἀράβων
1174 1882 1243 1947 δὲ
1291 1883 1782 1968 διαφερομένων
1828 1880 2118 1968 ἀλλήλοις
2162 1881 2271 1949 καὶ
2323 1884 2561 1969 μάχαις
2618 1887 2719 1972 ἐμ·
2857 1947 2860 1952 .

457 1984 705 2070 φυλίοις
736 1985 1253 2071 ἀσχολουμένων,
1289 1986 1506 2059 ἀδείας
1536 1986 1893 2072 λαβόμενος
1917 1987 1955 2051 ὁ
1980 1986 2440 2073 Κοπρώνυμος
2470 1989 2719 2074 ἐκστρα-
2739 1988 2794 2047 15

401 2088 615 2156 ἓτεύει
670 2090 832 2156 κατὰ
889 2090 1134 2176 Συρίας
1197 2090 1325 2167 καὶ,
1370 2091 1679 2178 λαμβάνει
1731 2090 1846 2177 τὴν
1899 2089 2380 2176 Γερμανίκειαν.
2474 2101 2721 2179 σεισμοῦ

459 2194 529 2260 δὲ
584 2196 931 2282 γενομένου
990 2194 1151 2261 κατὰ
1200 2195 1628 2283 Παλαιστίνην
1683 2195 1792 2262 καὶ
1836 2195 2085 2281 Συρίαν
2129 2197 2446 2282 μεγίστου,
2511 2199 2723 2265 πολλαὶ

459 2299 568 2365 καὶ
633 2299 956 2386 ἐκκλησίαι
1010 2300 1120 2366 καὶ
1172 2306 1515 2385 μοναστῶν
1565 2302 1920 2366 κατέπεσον
1974 2302 2341 2388 καταγώγια
2393 2302 2501 2368 καὶ
2547 2304 2723 2369 οἰκίαι

404 2404 441 2462 3
458 2403 568 2471 καὶ
612 2404 923 2492 μυριάδες
963 2405 1344 2492 ἀνθρώπων
1375 2406 1733 2474 ἀπώλοντο.
1828 2403 1985 2475 ἀλλὰ
2017 2406 2126 2474 καὶ
2158 2406 2231 2474 ἐκ
2263 2406 2478 2475 νόσων
2508 2406 2721 2495 φθορὰ

459 2622 530 2678 16
565 2624 867 2696 σημείωσαι
906 2621 961 2680 Α

567 2823 596 2879 1
636 2823 935 2894 ἐπενεγκεῖν
973 2824 1029 2879 D
1226 2825 1385 2896 ῥῖψαι
1423 2821 1607 2894 BsDi,
1645 2824 1803 2896 ῥίψαι
1842 2821 2050 2896 Apr
2250 2823 2286 2880 2
2324 2829 2464 2897 post
2500 2826 2557 2880 οἶ
2589 2823 2719 2880 add.

561 2896 801 2967 πολέμιοι
830 2897 924 2952 καὶ
950 2896 1303 2969 ECwawp
1453 2896 1488 2952 5
1524 2897 1637 2968 ἀχθ
1674 2918 1759 2954 ναι
1786 2896 1841 2951 D
1990 2896 2023 2955 7
2061 2896 2453 2970 ἐθριάμβευσεν
2478 2892 2719 2967 EwpDi,

565 2985 623 3024 v.
664 2968 743 3024 ad
783 2969 930 3025 ΧΙῙῙ
972 2968 1020 3039 1,
1059 2969 1094 3026 5
1313 2969 1349 3023 8
1385 2970 1539 3041 ἁγίου
1580 2969 1625 3027 C
1903 2976 2172 3041 γερμανοῦ
2207 2970 2541 3040 πατριάρχου
2579 2968 2623 3026 C
2701 3023 2702 3026 ,

565 3041 638 3097 10
675 3043 973 3112 ωμοφόρον
1012 3044 1079 3109 (S.
1120 3042 1289 3115 spir.)
1327 3041 1402 3112 D,
1442 3041 1762 3113 ὠμοφόριον
1800 3041 2056 3114 Ewap
2314 3041 2382 3098 17
2423 3046 2560 3116 post
2596 3039 2721 3098 κατὰ

566 3113 708 3172 add.
745 3112 841 3187 τὴν
880 3114 1027 3188 Ewp
1177 3114 1254 3194 18·
1284 3114 1377 3172 καὶ
1415 3119 1556 3188 post
1589 3112 1777 3171 πολλαί
1817 3130 1932 3172 om.
1974 3113 2020 3170 B

455 3325 550 3384 sul
584 3342 725 3383 ossa
762 3327 958 3400 ipsam
998 3327 1221 3384 afferre
1260 3333 1321 3384 et
1360 3328 1748 3400 proicere-in
1788 3326 2129 3397 Pelagium,
2181 3341 2304 3398 quo
2345 3324 2723 3384 condemnati

362 3389 902 3456 2labicleba11tur.
962 3398 1112 3455 Cum
1140 3398 1265 3455 ludi
1297 3404 1614 3469 equestres
1636 3403 1989 3470 agerentur,
2033 3398 2450 3456 Artabasdum
2478 3400 2732 3469 eiusque>
2782 3460 2788 3469 ,

362 3462 611 3527 mimos
664 3487 774 3543 per
837 3471 1104 3527 medium
1156 3471 1462 3528 theatrum
1512 3471 1920 3542 ignominiose
1984 3462 2414 3527 traduxerunt.
2490 3469 2610 3528 Sed
2668 3470 2723 3524 et

455 3539 849 3600 Anastasium
883 3542 1293 3615 patriarcham
1322 3559 1360 3599 a
1387 3542 1635 3615 Dlipplo
1676 3543 1850 3599 asino
1890 3542 2276 3612 insidentem,
2316 3543 2476 3599 facie
2516 3555 2721 3599 versus

456 3613 717 3671 caudam
775 3631 1093 3685 conversa,
1154 3614 1488 3692 adductum
1531 3615 1939 3684 ignominiose
1981 3615 2209 3686 pariter
2249 3613 2526 3671 traduxit
2586 3613 2722 3669 »rius

498 3686 701 3743 ublice
766 3688 1188 3758 verberatum,
1252 3687 1339 3743 sie
1402 3686 1550 3743 clari
1616 3687 2004 3757 lnttrlarclme
2045 3686 2335 3743 Germani
2394 3702 2544 3759 prae
2592 3684 2720 3740 ictio

362 3750 435 3809 23
480 3775 590 3830 psa
628 3775 696 3814 re
735 3767 827 3815 est
867 3760 1283 3830 comprobata.
1360 3758 1515 3815 Nam
1569 3775 1706 3815 cum
1760 3757 2096 3814 elimando
2146 3774 2284 3814 eum
2339 3775 2377 3814 a
2429 3762 2604 3828 tergo
2641 3770 2722 3811 se·

457 3834 752 3902 queretur
768 3830 1128 3887 Anastasius
1151 3833 1409 3902 eiusque
1431 3830 1747 3887 humerale
1769 3847 1868 3901 pe(
1893 3831 2032 3886 ibus
2055 3830 2368 3896 calcasset,
2397 3841 2723 3887 conversus

455 3910 706 3959 sanctus
746 3902 1095 3960 Germanus
1134 3904 1314 3960 “Noli
1333 3903 1367 3924 '³
1403 3905 1603 3974 inquit
1639 3904 2011 3972 “1'cstinare3
2068 3902 2384 3974 Diippium
2422 3909 2484 3958 te
2521 3914 2723 3971 exspe-

361 3969 435 4026 24
455 3975 636 4033 ctat.'’
708 3976 863 4032 Eum
903 3981 1042 4048 post
1082 3976 1531 4047 ignominnsam‘
1571 3976 1731 4031 illam
1773 3975 2378 4046 circumductionem,
2425 3979 2495 4030 ut
2533 3987 2723 4029 assen-

455 4064 654 4106 sorem
697 4064 894 4116 suum,
938 4050 1158 4105 iterum
1190 4049 1510 4105 ecclesiam
1552 4053 1764 4104 tencre
1793 4049 2108 4119 sacrisque
2150 4049 2393 4122 operari
2418 4045 2724 4103 concessit.

636 4121 686 4177 6.
728 4120 1039 4177 Arabibus
1078 4122 1238 4177 inter
1277 4137 1343 4177 se
1383 4121 1887 4177 dissentientibus
1928 4126 1988 4176 et
2028 4121 2187 4177 bello
2230 4121 2519 4177 intestino
2560 4131 2726 4173 oceu-

456 4195 631 4264 patiS,
692 4193 1121 4266 Coprouymus
1178 4198 1427 4263 arrepta
1487 4195 1812 4249 occasione
1870 4191 2108 4263 Syriae>
2149 4193 2374 4249 bellum
2433 4192 2616 4247 infert
2670 4193 2727 4242 ct

400 4261 906 4323 2Germaniciam
949 4267 1127 4338 capit.
1205 4266 1274 4321 Iu
1307 4267 1657 4322 Palaestina
1695 4271 1755 4322 et
1795 4264 1975 4337 Syria
2019 4267 2285 4322 maximo
2326 4270 2529 4321 terrae
2566 4265 2727 4345 motu

455 4339 684 4395 multae
705 4339 1003 4396 ccclesiae
1043 4345 1103 4394 et
1124 4339 1498 4395 monasteria
1538 4345 1598 4395 et
1620 4338 1808 4395 aedes
1830 4339 2535 4408 corrueruntmultaque
2571 4333 2727 4389 milia

399 4408 767 4468 3hominu1n
819 4413 1152 4486 perierunt,
1215 4428 1340 4468 nou
1392 4413 1573 4468 ruina
1613 4415 1869 4482 tantum,
1917 4411 2024 4467 sed
2067 4416 2128 4467 et
2166 4411 2513 4484 pestilentia
2550 4408 2611 4463 in
2649 4403 2727 4461 Si-

1598 4632 2568 4940 Δ-
