2870 4966
390 299 534 363 -278
592 352 599 361 .
1004 300 1671 366 zoNAR.1·2P1‘r.xv
1706 303 1760 377 τ,
1796 267 2006 377 εε-ε,
2032 300 2119 363 11.

425 487 620 557 αὐτὸν
655 489 763 559 ·τί7
801 489 987 558 δοκεῖ
1039 491 1221 578 αὐτῷ
1281 489 1429 576 περὶ
1491 496 1603 578 τῆς
1656 491 1854 558 αὖτοῢ
1908 490 2182 580 πίστεως
2236 487 2348 558 καὶ
2399 491 2543 578 περὶ
2566 501 2686 584 ’τῆς

334 594 406 654 27
424 593 721 663 συνόδου.
813 593 853 663 δ
900 594 972 662 δὲ
1016 592 1565 682 ἔκμειλισσόμενος
1607 593 1723 684 τὴν
1764 594 2009 662 ἐκείνου
2043 593 2344 683 ὠμότητα
2377 594 2683 690 ἀπεκρίθη

400 698 533 765 ’καί
571 697 792 774 καλῶς
819 698 1126 767 πιστεύειν
1156 696 1352 766 αὐτὸν
1381 699 1491 766 καὶ
1523 699 1812 788 ἀκριβῶς
1843 699 2216 787 δογματίσαι
2245 697 2360 788 τὴν
2391 699 2683 771 σύνοδον·

420 801 533 871 καί
583 809 778 872 ταῦτα
825 801 1024 871 εἰπὼν
1068 803 1107 870 δ
1152 803 1516 891 τρισάθλιος
1561 804 1649 879 είς
1669 852 1672 856 Δ
1690 802 1764 871 τὸ
1811 802 2138 893 Κυνήγιον
2183 802 2498 894 ἀπαχθεὶς
2542 806 2685 877 ἀπε.

421 906 641 997 τμήθη
688 907 803 996 τὴν
846 907 1157 996 κεφαλήν.
1378 909 1383 915 ’
2701 922 2733 981 5

8 1010 324 1074 Pn112A
361 1004 404 1075 8
603 1007 783 1081 Καθ’
831 1013 1102 1102 ἑκάστην
1149 1012 1220 1081 δὲ
1264 1019 1342 1102 τῇ
1387 1013 1551 1081 κατὰ
1596 1019 1727 1082 τῶν
1774 1011 2131 1101 ἐκκλησιῶν
2174 1011 2287 1082 καί
2331 1018 2462 1082 τῶν
2493 1039 2686 1103 μονα·

369 1116 408 1177 2
425 1118 700 1205 στηρίων
761 1118 960 1205 μανίᾳ
1021 1119 1380 1204 προσετίθει
1434 1119 1474 1186 δ
1518 1119 1810 1213 βέβηλος.
1904 1119 2257 1194 ἀκόλαστος
2315 1117 2386 1187 δὲ
2442 1120 2538 1186 ὢν
2589 1120 2750 1189 >eain
2767 1125 2860 1191 11135

423 1228 588 1307 τρεῖς
620 1230 926 1309 γυναῖκας
965 1224 1256 1312 ἠγάγετο,
1304 1224 1414 1292 καὶ
1461 1225 1534 1292 ἔκ
1578 1224 1699 1312 μὲν
1741 1231 1854 1312 τῆς
1896 1225 2160 1311 πρώτης
2190 1226 2334 1311 ἔσχε
2362 1224 2559 1292 παῖδα
2589 1226 2690 1294 τὸν

425 1327 695 1413 Λέοντα,
744 1330 821 1395 δν
865 1329 976 1396 καί
1020 1336 1133 1396 τοῦ
1179 1336 1290 1417 τῆς
1334 1330 1651 1417 βασιλείας
1696 1328 2015 1415 ὀνόματος
2060 1330 2472 1416 κατηξίωσεν,
2520 1330 2590 1397 ἐκ
2626 1331 2690 1399 δὲ

423 1436 555 1498 τῶν
586 1432 802 1498 ἄλλων
830 1432 1311 1519 Χριστοφόρον,
1357 1426 1844 1520 Νικηφόροντε
1873 1434 1982 1500 καὶ
2013 1432 2322 1521 Νικήταν.
2412 1434 2523 1501 καί
2553 1435 2691 1512 τοὺς
2708 1448 2764 1507 10

423 1537 545 1623 μὲν
577 1536 699 1603 δύο
738 1537 1066 1623 Καίσαρας
1096 1540 1340 1623 ἔστεψε,
1386 1537 1497 1604 τὸν
1530 1538 1601 1604 δὲ
1630 1536 1924 1623 Νικήταν
1969 1539 2219 1625 ἐτίμησε
2264 1538 2689 1626 νωβελίσιμον.

370 1644 408 1702 3
425 1639 535 1708 καὶ
581 1649 677 1727 τῷ
720 1643 967 1728 πρώτῳ
1013 1643 1139 1727 υἱῷ
1170 1642 1368 1709 αὐτοῦ
1399 1642 1510 1709 καὶ
1539 1641 1788 1729 βασιλεῖ
1811 1643 2080 1729 ἠγάγετο
2114 1630 2383 1729 ’γυναῖκα
2417 1644 2488 1720 ἐξ
2507 1644 2690 1732 Ἀθη-

425 1750 562 1811 νῶν
606 1746 717 1813 καὶ
763 1746 1226 1833 ἐμνηστεύσατο
1270 1747 1504 1834 ταύτην
1550 1748 1749 1833 αὐτῷ,
1798 1749 2037 1833 στέψας
2082 1747 2281 1834 αὐτὴν
2327 1748 2693 1833 Αὖγούσταν

425 1850 534 1917 καὶ
578 1851 852 1924 καλέσας
893 1850 1201 1938 Εἰρήνην,
1250 1848 1321 1929 ἐξ
1368 1850 1446 1939 ἧς
1492 1853 1720 1939 ἐτέχθη
1768 1859 1863 1938 τῷ
1908 1852 2134 1921 Λέοντι
2177 1837 2328 1927 πάῒς
2365 1852 2692 1919 Κώνσταν-

425 1960 593 2029 τῒνος
638 1955 1042 2041 ὀνομασθείς,
1558 2040 1562 2045 ἢ
1720 2000 1721 2003 =
2324 2010 2328 2014 -
2501 2012 2504 2016 n
2708 1969 2764 2046 15

372 2060 409 2119 4
605 2057 819 2132 Αὖθις
866 2058 937 2125 δὲ
982 2059 1021 2125 ὁ
1067 2059 1529 2147 Κοπρώνυμος
1579 2060 1738 2149 μετὰ
1799 2061 2057 2148 σφόδρα
2111 2061 2371 2155 πολλῶν
2426 2066 2694 2148 τριηρῶν

356 2164 406 2224 Β
425 2161 536 2229 καί
600 2163 969 2249 δρομώνων
1032 2162 1194 2230 κατὰ
1251 2164 1656 2251 Βουλγάρων
1721 2166 2080 2253 ἐξώρμησε,
2143 2165 2538 2253 βουλόμενος
2588 2164 2692 2233 ,διὰ

426 2376 461 2435 7
498 2379 576 2434 ὅτι
614 2387 752 2449 τρεῖς
788 2387 1046 2451 γυναῖκας
1082 2378 1305 2451 ἠγάγετο
1339 2379 1433 2436 καὶ
1471 2347 1634 2442 ὅσους,
1666 2380 1825 2452 ἔσχεν
1860 2380 1921 2446 ἒξ
1956 2380 2137 2449 αὐτῶν
2172 2381 2256 2447 (ἐξ
2280 2379 2461 2438 αὐτῶν
2484 2381 2606 2454 ἔσχε
2629 2379 2692 2450 Ε)

423 2451 619 2515 παῖδας
657 2450 755 2510 ΟΕ
790 2452 884 2510 καὶ
921 2454 1000 2510 ὅτι
1038 2462 1116 2525 τῷ
1152 2451 1357 2525 πρώτῳ
1395 2454 1501 2526 υἱῷ
1539 2452 1704 2511 αὐτοῦ
1740 2462 1968 2527 γυναῖκα
2003 2453 2225 2529 ἠγάγετο
2264 2451 2311 2514 C

537 2652 566 2710 1
608 2653 755 2725 αὐτῷ
797 2655 955 2711 δοκεῖ
983 2654 1132 2725 Ewp
1369 2655 1406 2713 3
1442 2653 1537 2712 καὶ
1576 2656 1747 2727 prius
1787 2671 1901 2712 om.
1943 2655 2091 2728 EWp
2319 2655 2356 2711 4
2393 2655 2615 2717 δείλαιος
2648 2653 2692 2712 Ο

607 2727 865 2799 κυνήγιον
900 2726 1027 2796 AR,
1075 2727 1401 2801 Nicephor.
1441 2726 1609 2802 Cpol.
1638 2745 1705 2858 (p.
1745 2728 1832 2798 75,
1874 2728 1958 2800 18,
2012 2727 2285 2821 Theoph.
2327 2727 2355 2784 1
2439 2769 2452 2785 .
2489 2728 2612 2799 442,
2645 2728 2692 2797 8,

536 2800 856 2873 κυνηγέσιον
892 2800 1040 2875 Bwp
1187 2802 1223 2859 6
1260 2807 1408 2859 ante
1433 2801 1568 2859 καθ’
1596 2818 1633 2858 a
1681 2801 1738 2858 d.
1764 2801 1858 2859 καὶ

538 2872 643 2934 Dw
790 2874 824 2932 7
858 2876 1022 2947 μανίᾳ
1062 2891 1178 2933 om.
1201 2873 1248 2935 C
1397 2875 1463 2931 ll
1503 2875 1719 2947 ἐτίμησε
1743 2875 2131 2947 νωβελλίσιμον
2158 2874 2206 2932 Ε
2350 2876 2694 2947 νωβελίσιμον

537 2945 669 3015 AD,
706 2948 1090 3019 νωβελλίσιμον
1129 2949 1297 3022 pr,
1339 2949 1732 3022 νωβελίσσιμον
1770 2946 1873 3016 Di,
1922 2965 1980 3006 v·
2019 2947 2161 3006 XIV
2199 2948 2251 3017 5,
2290 2948 2377 3005 37.
2416 2948 2526 3006 XV
2562 2949 2611 3019 9,
2647 2948 2693 3003 7.

542 3020 625 3091 10,
663 3020 715 3079 4.
754 3021 924 3079 XVII
966 3023 1054 3092 18,
1093 3022 1179 3079 15.
1221 3024 1304 3091 19,
1347 3023 1432 3079 10.
1463 3023 1547 3079 18.
1586 3021 1788 3079 XVIII
1819 3022 1902 3093 19,
1929 3021 1981 3079 5.
2013 3023 2081 3078 18
2229 3021 2299 3078 12
2324 3022 2485 3079 αὐτοῦ
2515 3029 2626 3077 om.
2650 3019 2694 3077 B

541 3093 610 3151 14
693 3100 787 3151 ost
823 3095 1051 3158 καλέσας
1088 3095 1228 3153 add.
1266 3095 1432 3167 αὐτὴν
1471 3094 1517 3152 C
1728 3096 1796 3151 16
1834 3095 2073 3167 τριήρων
2111 3092 2198 3153 Di
2235 3096 2444 3152 invitis
2475 3094 2695 3165 ΔΑΒνΙῙ),

540 3183 599 3224 v.
674 3166 698 3223 1
740 3184 797 3240 p.
827 3168 947 3238 133,
979 3170 1063 3225 18.
1104 3169 1225 3237 141,
1255 3170 1303 3225 1.
1343 3168 1515 3226 XVII
1553 3167 1642 3238 24,
1669 3168 1704 3224 9
1743 3172 1804 3224 et
1843 3167 2287 3242 Goettlingium
2326 3169 2482 3241 Allq.
2508 3169 2695 3225 Lehre

538 3256 593 3297 v.
631 3240 850 3298 Accent
888 3245 1002 3299 eet.
1042 3258 1100 3315 p.
1137 3241 1243 3299 257
1392 3241 1461 3298 17
1500 3242 1787 3313 ὂρομάνων
1825 3239 1870 3300 C

1884 2802 1932 2858 E
2078 2823 2217 2859 κατα
2256 2817 2371 2860 om.
2452 2843 2466 2872 ,
2505 2801 2692 2874 suppl.

429 3441 584 3500 haee
622 3458 948 3515 procerum
971 3441 1338 3515 quibusdam
1376 3444 1576 3500 missis
1596 3447 1900 3515 tyrannus
1939 3458 2081 3499 eum
2103 3447 2520 3515 percontatur,
2558 3440 2697 3516 quid

216 3558 243 3582 .
336 3511 508 3574 27ᾱο
546 3514 667 3573 tide
706 3516 898 3590 ipsius
935 3516 1159 3574 sentiat
1197 3514 1399 3587 doque
1457 3515 1717 3588 synodo.
1791 3515 1899 3573 Ille
1942 3515 2366 3574 crudelitatem
2406 3518 2539 3573 eius
2585 3516 2697 3593 pla·

430 3597 683 3647 naturus
711 3589 1043 3663 respondet
1069 3604 1207 3645 eum
1236 3595 1297 3646 et
1324 3594 1491 3646 reete
1519 3590 1774 3647 credere
1800 3594 1861 3646 et
1889 3589 2139 3647 decreta
2165 3589 2389 3662 synodi
2414 3592 2697 3647 accurata

431 3677 599 3735 esse;
638 3663 864 3735 quibus
904 3663 1079 3719 dietis
1117 3663 1300 3718 miser
1337 3662 1400 3718 in
1440 3661 1784 3734 cynegium
1827 3662 2134 3719 abductus
2175 3664 2594 3720 obtruncatur.

609 3736 661 3793 8.
737 3735 808 3792 In
839 3735 970 3792 dies
989 3741 1193 3791 autem
1221 3737 1415 3791 furori
1440 3741 1655 3793 contra
1676 3735 1967 3792 ecelesias
2004 3742 2065 3792 et
2084 3738 2457 3793 monasteria
2478 3732 2697 3807 aliquid

374 3804 657 3866 2adieeit
713 3808 893 3866 homo
944 3810 1260 3881 profanus,
1346 3808 1422 3865 Et
1485 3810 1631 3880 quia
1682 3816 1816 3865 erat
1866 3810 2303 3881 intemperans),
2354 3815 2478 3866 tres
2531 3808 2699 3864 duxit

430 3898 677 3952 uxorea,
717 3899 752 3940 e
794 3896 1057 3953 quarum
1097 3883 1293 3954 prima
1332 3881 1519 3938 filium
1544 3880 1817 3939 Leonem
1844 3883 2130 3955 suscepit,
2171 3897 2353 3954 quem
2394 3883 2565 3954 regio
2604 3895 2698 3936 no-
2752 3929 2753 3932 ,

430 3956 595 4012 mine
655 3955 914 4024 ornavit,
975 3971 1010 4012 e
1069 3956 1288 4011 ceteris
1346 3953 1868 4027 christophorum,
1927 3955 2358 4028 Nicephorum,
2414 3955 2697 4021 Nicetam,

394 4091 397 4096 ,
431 4044 692 4100 quorum
723 4029 959 4099 priores
998 4027 1156 4084 'duos
1191 4043 1422 4084 corona
1450 4027 1756 4086 Caesarea
1796 4029 2061 4098 orn-avit,
2100 4028 2353 4086 Nicetae
2392 4027 2566 4086 titulo
2603 4041 2700 4082 no·

374 4099 703 4157 Bbiiissimi
727 4101 973 4157 tributo.
1049 4100 1253 4157 Primo
1296 4101 1419 4158 filio
1449 4107 1510 4158 et
1549 4102 1681 4174 regi
1705 4101 2425 4159 uxorem-Atheniensem
2454 4101 2699 4172 despon-

431 4174 520 4231 dit
558 4180 619 4230 et
655 4171 1004 4246 Augustam
1052 4174 1404 4247 appellavit,
1463 4175 1656 4233 indito
1695 4175 1917 4233 Irenae
1954 4177 2221 4246 nomino,
2279 4191 2313 4232 e
2352 4190 2476 4248 qua
2513 4170 2700 4230 Leoni

430 4246 590 4303 tilius
629 4245 1067 4305 Constantinus
1106 4253 1289 4304 natus
1332 4254 1442 4307 ost.
1710 4271 1715 4276 ·
1764 4259 1767 4264 ·
2098 4313 2105 4319 ‚

373 4319 411 4378 4
609 4320 753 4378 Post
805 4320 959 4378 haec
998 4320 1426 4395 copronymus
1486 4321 1702 4385 denuo*
1741 4338 1877 4381 eum
1920 4322 2196 4396 plurimis
2245 4320 2592 4379 triremibus
2643 4319 2729 4373 et‘

430 4393 735 4470 expedItis
773 4395 1041 4454 navibus
1101 4404 1319 4454 eontra
1356 4394 1662 4470 Bulgaros
1702 4401 1794 4456 est
1831 4398 2165 4472 profectus,
2229 4412 2341 4471 per
2382 4395 2602 4453 Istrum
2639 4391 2698 4448 in
