2870 4966
301 441 305 447 η
356 355 468 416 880
499 373 509 382 ·
731 396 737 406 -
839 351 1118 416 zoNAR.
1157 352 1359 415 EPIT.
1398 354 1512 416 XV
1548 356 1637 427 29,
1674 354 1963 417 m-xvl
2001 354 2052 429 1,
2090 354 2143 419 2.

357 540 627 609 σκεσθαι
669 540 1131 629 παρηγόρημα,
1191 540 1350 611 ἀλλὰ
1394 541 1507 611 καὶ
1549 549 1798 631 τροφῆς
1842 543 2244 632 ἀποσχέσθαι
2287 544 2398 614 καὶ
2440 546 2533 634 μή
2579 573 2632 617 τι

355 644 538 732 πόμα
582 647 962 733 προσίεσθαι
1007 650 1048 735 ἢ
1094 647 1301 735 μόνον
1355 647 1543 735 ὕδωρ
1600 647 2010 736 ψυχρότατον
2066 648 2177 718 καὶ
2230 649 2369 718 οἷον
2423 650 2497 717 τὸ
2560 653 2631 721 ἐκ

249 810 256 815 .
354 751 594 840 χιόνος·
657 751 867 839 τούτῳ
922 752 994 819 δὲ
1049 754 1389 840 χρώμενος
1447 758 1734 841 συνεχῶς
1787 755 2141 842 ἐπέπληκτο
2185 753 2262 823 τὰ
2309 754 2485 830 ἐντὸς
2528 761 2639 826 καί

267 861 339 921 22
356 857 420 924 οῖ
464 856 862 944 δυσεντερίας
907 857 1097 932 νόσος
1142 859 1475 946 ἐνέσκηψε.
1566 859 1954 947 καταλαβὼν
2002 859 2074 928 δὲ
2109 859 2185 927 τὰ
2216 861 2496 947 βασίλεια
2527 864 2633 931 καὶ

356 962 482 1049 ἤδη
531 959 721 1048 γνοὺς
764 960 978 1048 ἑαυτῷ
1031 962 1146 1050 τὴν
1203 963 1526 1051 σωτηρίαν
1580 964 1966 1051 ἀνέλπιστον,
2032 965 2466 1052 μετακαλεῖται
2523 965 2632 1054 τὴν
2647 974 2680 1033 δ

355 1067 709 1154 σύγκλητον
752 1067 863 1134 καὶ
905 1068 1089 1155 ἠξίου
1133 1069 1352 1157 πίστιντ
1379 1070 1469 1143 εἰς
1511 1067 1627 1156 τὴν
1672 1070 1951 1155 σύζυγον
1994 1070 2104 1137 καὶ
2148 1069 2260 1138 τὸν
2303 1069 2501 1138 παῖδα
2534 1073 2629 1138 ἔν-

358 1172 687 1249 δείξασθαι
732 1172 842 1241 καὶ
890 1173 1260 1261 διατηρῆσαι
1306 1174 1481 1261 σφίσι
1525 1172 1640 1261 τὴν
1684 1172 1894 1261 ἀρχὴν
1936 1173 2050 1262 τὴν
2083 1174 2422 1261 βασίλειον·
2472 1176 2534 1243 οἱ
2564 1176 2631 1244 δὲ

265 1280 338 1339 23
354 1278 772 1347 κατετίθεντο.
883 1279 1130 1345 τούτων
1196 1278 1266 1345 δὲ
1331 1278 1688 1365 γεγονότων
1752 1281 1986 1363 οὕτως,
2051 1279 2089 1345 δ
2146 1277 2460 1365 βασιλεύς,
2525 1280 2632 1347 καὶ

353 1382 588 1470 πρῴην
652 1383 722 1460 ἐξ
786 1384 1059 1469 ὅτουπερ
1125 1383 1456 1471 ἀνερρήθη
1513 1383 1691 1470 παρὰ
1745 1389 1877 1451 τῶν
1922 1383 2206 1469 Περσῶν
2258 1382 2551 1470 βασιλεὺς
2594 1385 2630 1451 δ

364 1485 726 1574 Θεόφοβος,
774 1489 1060 1555 ὕποπτον
1091 1487 1285 1555 αὐτὸν
1315 1489 1695 1575 ἡγούμενος,
1742 1489 1928 1555 ἔθετο
1957 1488 2203 1575 μᾶλλον
2246 1494 2322 1574 τῇ
2367 1489 2631 1575 ὑπονοίᾳ
2650 1499 2699 1556 D
2720 1500 2832 1564 1114

290 1592 466 1659 Οκαὶ
529 1591 631 1660 διὰ
697 1591 811 1679 τὴν
873 1593 1248 1677 προδοσίαν,
1315 1595 1395 1680 ἣν
1442 1592 1755 1679 ἐμελέτων
1810 1595 1873 1660 οῑ
1916 1593 2168 1679 Πέρσαι
2221 1593 2629 1680 ποιήσασθαι,

38 1698 338 1759 W111123
357 1698 453 1771 ὡς
483 1698 607 1784 ἤδη
650 1722 766 1784 μοι
813 1699 1173 1784 γέγραπται,
1219 1703 1350 1764 τῶν
1396 1697 1905 1784 ἐνδιαβαλόντων
1950 1698 2060 1765 τὸν
2097 1698 2330 1784 ἄνδρα,
2380 1699 2631 1787 ὑποθή-

265 1805 337 1864 24
355 1827 501 1876 καις
546 1803 790 1870 ἐκείνου
836 1810 1029 1869 ταῦτα
1077 1802 1225 1877 τοὺς
1255 1803 1522 1890 Πέρσας
1557 1804 1718 1888 δρᾶν
1764 1797 2284 1890 ίσχυριζομένων.
2377 1805 2472 1878 ὡς
2509 1806 2631 1892 ἤδη

353 1914 430 1994 τῇ
476 1907 652 1993 νόσῳ
698 1906 770 1975 τδ
816 1914 1009 1994 σῶμα
1056 1914 1169 1975 τοῦ
1217 1909 1696 1993 αὐτοκράτορος
1744 1909 2144 1995 δεδαπάνητο
2197 1908 2307 1975 καὶ
2361 1910 2634 1986 ἐξέλιπεν

354 2013 393 2098 ἡ
441 2013 639 2099 ἰσχύς,
689 2014 899 2088 δείσας
942 2012 1035 2100 μὴ
1084 2014 1282 2081 αὐτοῦ
1324 2013 1639 2088 θανόντος
1670 2014 1953 2080 ἐπίθοιτο
1984 2015 2323 2099 τυραννίδι,
2370 2016 2629 2100 καθείρ-
2652 2027 2713 2085 15

353 2141 566 2203 γνυσιν
612 2118 806 2186 αὐτὸν
861 2119 1008 2205 περὶ
1064 2118 1139 2185 τὰ
1196 2118 1498 2207 βασίλεια,
1565 2118 1676 2185 καὶ
1721 2118 1852 2186 ἐπεὶ
1898 2119 2012 2206 τὴν
2058 2119 2237 2207 ζωὴν
2283 2120 2513 2187 ἑαυτοῦ
2559 2121 2630 2189 ἐκ
2685 2165 2688 2168 -

351 2364 388 2422 8
423 2365 501 2423 δ’τι
535 2365 799 2441 θνήσκων
833 2367 867 2424 ό
906 2366 1173 2441 Θεόφιλος
1207 2366 1381 2425 ἀνεῖλε
1415 2365 1506 2440 τόν
1548 2365 1829 2441 Θεόφοβον
1865 2364 1964 2426 CE

465 2606 494 2663 1
535 2606 617 2664 ad
650 2606 731 2681 μὴ
770 2606 910 2664 add.
950 2629 998 2665 τι
1038 2607 1143 2670 Dw
1182 2607 1398 2665 deletis
1427 2606 1674 2665 duabus
1698 2606 1916 2664 litteris
1944 2623 2110 2665 nunc
2137 2623 2262 2664 non
2291 2608 2632 2681 perspicuis

460 2680 498 2738 3
532 2682 714 2753 χίονος
752 2678 973 2755 w*p·D2‘
1081 2689 1323 2754 συνεχῶς
1362 2698 1478 2738 om.
1519 2680 1567 2737 B
1676 2681 1711 2739 4
1749 2680 1811 2738 δὲ
1836 2680 2059 2754 AEwp,
2097 2680 2196 2738 οὖν
2223 2679 2272 2736 Ο
2385 2680 2422 2738 5
2458 2682 2630 2754 ἑαυτῷ
2688 2680 2692 2685 ’

463 2771 580 2812 om.
608 2753 654 2813 C
763 2754 858 2828 τὴν
882 2776 1011 2830 σωτ.
1037 2756 1372 2820 δυςέλπιστον
1395 2755 1569 2812 ἕαυτῶ
1598 2753 1655 2811 D
1772 2755 2114 2828 δυςέλπιστον
2153 2754 2303 2830 pr
2432 2755 2468 2813 6
2496 2762 2631 2827 pest

459 2830 632 2886 πίστιν
671 2827 811 2885 add.
850 2828 1044 2894 αὐτοὺς
1075 2828 1234 2904 γΒΑνῙ)
1378 2830 1415 2888 8
1453 2830 1625 2893 οὕτως
1654 2826 1913 2903 prDi,
1950 2830 2095 2886 οὕτω
2123 2827 2246 2899 ΑΕ,
2287 2844 2346 2887 V.
2374 2828 2454 2884 ad
2484 2828 2628 2885 XIII

461 2902 514 2974 6,
557 2903 625 2959 16
769 2902 805 2959 9
841 2904 966 2960 ὅτου
1004 2903 1151 2976 Ewp
1317 2902 1369 2960 9.
1413 2903 1481 2959 10
1516 2903 1550 2958 ό
1583 2904 1745 2974 θεοφ.
1783 2900 2031 2978 βασιλεὺς
2069 2902 2218 2976 Ewp
2368 2901 2438 2958 10
2472 2902 2630 2959 αὐτόν

462 2991 578 3032 om.
619 2975 665 3035 C
943 2977 1238 3049 ἡγούμενος
1275 2977 1337 3033 in
1379 2974 1432 3032 A
1471 2991 1632 3032 man.
1672 2992 1793 3033 rec.
1832 2980 2107 3032 mutatur
2145 2977 2208 3032 in
2246 2974 2528 3046 ἡγούμενοι
2569 2981 2630 3033 ct

462 3049 707 3106 eluitur.
907 3050 976 3106 12
1012 3049 1317 3122 γέγραπται]
1358 3049 1469 3106 XV
1505 3050 1593 3118 99,
1636 3049 1704 3108 12
1724 3066 1800 3105 ss.
1859 3064 1868 3076 ·
1985 3048 2440 3122 ἑνδιαβαλλόντων
2479 3049 2626 3123 pr

465 3124 533 3179 13
573 3129 710 3195 post
744 3123 821 3186 ὥς
859 3123 998 3180 add.
1038 3124 1135 3181 οὖν
1174 3123 1344 3197 wa'),
1382 3123 1461 3185 ὥς
1495 3122 1591 3180 οὖν
1628 3127 1904 3180 extremo
1947 3123 2091 3179 folio
2132 3122 2358 3179 extrita
2396 3123 2459 3179 iu
2500 3121 2546 3180 C

467 3195 533 3253 14
570 3196 912 3267 ἑξελίμπανεν
950 3196 1000 3256 O
1201 3197 1269 3255 15
1313 3203 1452 3270 post
1489 3196 1641 3268 ἰσχὺς
1679 3195 1820 3252 add.
1857 3196 2020 3253 αὐτοῦ
2059 3195 2209 3268 pr
2388 3197 2629 3252 ἐπίθοιτο

462 3266 719 3343 prDi,
756 3270 989 3328 έπίθειτο
1027 3268 1081 3328 A
1182 3315 1185 3319 Α
1277 3292 1390 3341 τυρ.
1429 3270 1668 3327 ἐπίθοιτο
1705 3269 1855 3343 pr
2063 3275 2210 3327 ante
2247 3269 2379 3328 καθ.
2419 3268 2561 3326 add.
2597 3270 2630 3326 ό
2690 3285 2694 3288 ’

463 3344 737 3419 θεόφοβος
775 3343 925 3418 pr
1077 3343 1144 3402 16
1179 3342 1391 3417 ἕαυτοῦ]
1433 3342 1599 3403 αὐτοῦ
1638 3342 1745 3401 DE
2348 3363 2353 3372 ·
2508 3379 2511 3382 Δ

353 3586 416 3641 et
463 3583 601 3640 cibo
651 3583 989 3640 abstineret
1044 3598 1248 3656 neque
1298 3584 1489 3640 ullum
1546 3590 1758 3656 potum
1808 3571 2174 3654 admitteret,
2232 3583 2346 3640 nisi
2401 3597 2625 3654 aquam

352 3656 806 3728 gelidissinmm‚
861 3657 1201 3713 cuiusmodi
1261 3663 1353 3714 est
1408 3657 1663 3727 nivalis3
1719 3658 1896 3713 cuius
1943 3656 2248 3728 frequenti
2290 3671 2409 3713 usu
2448 3656 2627 3712 laesis

257 3723 334 3782 22
353 3729 748 3785 interioribus
788 3731 848 3785 in
899 3730 1315 3801 dysenteriam
1365 3730 1597 3786 incidit.
1671 3729 1890 3801 Itaque
1930 3731 1991 3785 in
2043 3731 2279 3799 regiam
2320 3744 2625 3797 reversus,

353 3800 682 3874 desperata
732 3803 852 3858 iam
906 3804 1105 3859 salute
1142 3809 1426 3859 senatum
1467 3803 1739 3871 arcessit,
1791 3808 2005 3874 petens
2042 3813 2110 3858 ut
2148 3803 2331 3859 uxori
2373 3818 2526 3869 suae
2563 3809 2625 3857 et

257 3869 334 3928 23
353 3875 475 3932 filio
515 3876 696 3931 fidem
750 3883 1072 3933 servarent
1122 3877 1321 3947 iisque
1362 3877 1684 3947 imperium
1736 3877 1977 3945 reg-ium
2024 3882 2361 3932 tuerentur.
2447 3874 2624 3941 Quod

353 3963 489 4004 cum
531 3949 615 4004 illi
653 3965 720 4005 se
748 3951 1021 4005 facturos
1049 3945 1485 4022 promisissent.
1524 3964 1655 4018 rex,
1697 3949 1800 4018 qui
1829 3948 2274 4022 Theophobum
2313 3949 2433 4003 inm
2462 3953 2623 4015 ante,

354 4037 430 4075 ex
473 4037 596 4093 quo
636 4037 673 4077 a
712 4021 916 4077 Persis
971 4039 1084 4078 rex
1124 4022 1430 4078 salutatus
1480 4027 1630 4087 erat,
1683 4030 2035 4092 suspectum
2090 4022 2362 4090 haberet,
2423 4020 2622 4090 magis

353 4094 536 4149 etiam
576 4095 633 4150 ei
671 4095 1006 4167 suspicioni
1033 4095 1285 4151 indulsit
1313 4095 1392 4148 ob
1424 4094 1829 4165 proditionem
1861 4109 2125 4166 quoque,
2167 4109 2351 4165 quam
2380 4093 2622 4163 Persae,

353 4173 421 4223 ut
478 4167 596 4223 iam
656 4168 937 4241 exposui,
993 4169 1181 4225 moliti
1242 4175 1433 4236 erant,
1494 4183 1632 4223 cum
1691 4166 1998 4223 delatores
2046 4166 2409 4239 Theophobi
2470 4166 2623 4222 affir-

257 4236 592 4297 241narent
629 4241 761 4299 illos
802 4241 864 4299 id
915 4243 1049 4298 eius
1098 4241 1366 4314 impulsu
1415 4241 1652 4298 fecisse.
1731 4239 1811 4298 Ut
1857 4240 2048 4312 igitur
2100 4256 2360 4313 corpore
2408 4240 2621 4297 morbo

353 4322 715 4387 consumpto
742 4315 1076 4388 imperator
1114 4315 1350 4371 viribus
1386 4314 1714 4371 destitutus
1742 4320 1851 4383 est,
1892 4314 2143 4383 veritus,
2183 4329 2354 4369 nese
2380 4317 2621 4370 mortuo

352 4384 769 4458 Theophobus
820 4388 1209 4460 tyrannidem
1268 4383 1606 4454 affectaret,
1654 4388 1821 4443 cirea
1860 4387 2095 4454 regiam
2139 4402 2277 4442 eum
2318 4386 2380 4442 in
2421 4402 2621 4442 carce·

351 4475 482 4520 rem
522 4461 746 4521 conicit
785 4476 1049 4538 cumque
1090 4462 1276 4523 vitam
1330 4477 1507 4522 suam
1557 4461 1633 4522 de
1676 4461 1857 4543 tenui.
1889 4461 1989 4520 iilo
2031 4459 2304 4537 pendere
2344 4463 2622 4522 cerneret
