2870 4966
426 316 533 379 128
582 370 586 375 .
669 363 676 373 .
1069 304 1346 381 zoNAR.
1385 313 1587 382 EPI'I'.
1624 315 1764 384 XIV
1801 317 1854 396 2,
1894 311 2087 383 1-18.

357 502 404 573 2
600 502 1064 590 Καταληφθεὶς
1108 501 1226 571 οὖν
1269 503 1309 572 ὀ
1352 504 1587 592 μικρὸς
1631 504 1823 574 Λέων
1867 506 2195 594 νηπιάζων
2247 510 2350 587 ἔτι,
2415 507 2520 600 ἐφ’
2565 512 2668 585 ἕνα

420 605 703 675 ἐνιαυτὸν
745 607 980 695 ἐπεβίω
1023 613 1100 696 τῇ
1143 607 1447 696 βασιλείᾳ,
1499 609 1608 677 καὶ
1652 610 1875 697 νήπιος
1919 611 2251 699 ἔπαπῆλθε
2293 621 2389 701 τῷ
2430 616 2669 707 πάππῳ

418 710 529 779 τὸν
570 712 799 779 ἑαυτοῦ
842 711 1083 798 πατέρα
1130 709 1239 778 τὸν
1271 709 1547 799 Ζήνωνα
1591 713 1850 801 βασιλέα
1896 715 2277 794 καταλιπών,
2325 717 2516 793 αὐτὸς
2543 727 2668 797 ταῖς
2780 788 2784 795 ,

342 822 400 880 D
419 816 649 881 ἑαυτοῦ
694 814 868 901 χερσὶ
911 821 988 902 τῇ
1020 815 1277 882 ’ἐκείνου
1323 815 1574 904 κεφαλῇ
1617 817 1898 903 περιθεὶς
1941 817 2014 884 τὸ
2061 820 2357 906 διάδημα.
2683 831 2729 889 D
2749 836 2852 905 1115

364 926 405 987 2
588 918 713 986 Ἦν
758 920 830 986 δὲ
874 917 913 986 ὖ
960 917 1194 1006 Ζήνων
1238 920 1309 996 ἕξ
1353 921 1587 995 ἔθνους
1643 920 1959 1006 αίσχίστου
2012 927 2125 988 τοῦ
2179 928 2309 990 τῶν
2346 923 2667 1013 ’Ῑσα·ὐρων,
2682 940 2713 999 5

420 1025 732 1111 αἴσχιστος
779 1024 889 1090 καὶ
933 1023 1125 1097 αὐτὸς
1169 1024 1278 1090 καὶ
1321 1023 1435 1109 τὴν
1478 1024 1744 1111 μορφὴν
1789 1022 2055 1110 καὶ·τὴν
2099 1027 2320 1114 ψυχὴν
2379 1033 2667 1115 γεγονώς,

128 1136 401 1197 w11143
418 1129 527 1196 καὶ
572 1129 694 1214 οὐχ
739 1129 835 1202 ὡς
878 1127 1167 1216 βασιλεὺς
1210 1128 1324 1213 τὴν
1368 1129 1576 1214 ἀρχὴν
1620 1129 1857 1205 ἀνύων,
1912 1129 2044 1196 ἀλλ’
2093 1131 2188 1204 ὡς
2234 1133 2527 1217 ἄντικρυς
2568 1136 2667 1200 τύ-

362 1242 400 1300 3
419 1257 669 1317 ραννος.
764 1231 843 1318 ἦν
888 1231 959 1298 ὀὲ
1003 1231 1209 1319 τούτῳ
1255 1232 1364 1298 καὶ
1398 1231 1678 1319 ἀδελφὸς
1708 1233 1947 1301 Κόνων
1976 1235 2372 1320 καλούμενος
2416 1237 2524 1303 καὶ
2566 1238 2669 1306 τὸν

417 1336 698 1423 ᾶόελφὸν
742 1337 830 1410 εἷς
874 1336 1105 1403 κακίαν
1149 1336 1719 1422 ὑπερβαλλόμενος,
1785 1338 2002 1423 αίζιιασι
2056 1339 2302 1425 χαίρων
2354 1340 2462 1406 καὶ
2508 1364 2666 1428 σφα-

361 1451 398 1509 4
418 1448 553 1527 γαῖς
585 1441 961 1526 ἀνθρώπιον
994 1439 1322 1526 ἡδόμενος.
1413 1441 1575 1508 κατὰ
1606 1436 1833 1508 τούτου
1863 1449 1975 1509 τοῦ
2009 1442 2316 1529 Ζήνωνος
2346 1444 2416 1510 ἐν
2446 1444 2665 1535 Θρᾴκῃ
2686 1464 2743 1522 10

418 1546 758 1631 διατρίβων
802 1546 840 1610 ὁ
884 1552 995 1631 τῆς
1038 1544 1398 1631 βασιλίσσης
1434 1545 1713 1633 Βηρίνης
1757 1537 2059 1633 ὁμαίμων
2083 1547 2142 1641 Ιὅ
2190 1547 2507 1634 ὃηλωθεὶς
2539 1549 2664 1616 Βα-

416 1650 689 1722 σιλίσκος
745 1649 1014 1732 ἀνταίρει
1072 1655 1269 1734 χεῖρα,
1333 1657 1444 1735 τῆς
1491 1650 1772 1743 Βηρίνης
1817 1652 2276 1737 συναιρομένης
2322 1653 2500 1738 αὐτῷ
2544 1655 2664 1722 κάκ

359 1765 396 1823 5
415 1759 525 1839 τῆς
581 1753 933 1838 συγκλήτου
989 1757 1191 1817 τινῶν.
1286 1752 1488 1824 δειλὸς
1545 1754 1615 1819 δὲ
1669 1756 1767 1819 ὢν
1820 1755 1858 1819 ὁ
1904 1753 2137 1839 Ζήνων
2194 1756 2303 1820 καὶ
2358 1757 2666 1843 ἄνανδρος

414 1857 632 1942 φεύγει
689 1857 910 1922 αὐτίκα
969 1856 1084 1922 σὺν
1120 1857 1415 1943 Ἀριάόνῃ
1472 1863 1548 1942 τῇ
1596 1857 1840 1942 γυναικὶ
1886 1857 1954 1923 ἐν
1992 1857 2269 1943 ’Ῑσαυρίᾳ
2313 1859 2478 1943 πρὸς
2526 1860 2665 1935 τοὺς

413 1960 453 2026 ὁ
480 1984 541 2025 ιο
581 1966 708 2025 ενεῒ
737 2008 752 2025 .

20 2038 144 2159 Ιλ’Ῐῐ
161 2074 241 2135 62
259 2073 311 2134 Α
359 2076 396 2133 6
450 1985 476 2045 Ι
544 1984 736 2128 γΚαῗ
779 2063 818 2128 ὁ
870 2062 1241 2136 Βασιλίσκος
1298 2063 1365 2129 ἐν
1420 2071 1515 2148 τῷ
1560 2061 1826 2148 Κάμπῳ
1883 2063 2327 2150 ἀναγορεύεται
2381 2066 2664 2152 βασιλεὺς
2682 1980 2739 2039 ¹⁵

413 2165 521 2233 καὶ
566 2166 678 2253 τὴν
724 2167 959 2233 οἰκείαν
999 2164 1275 2253 γαμετὴν
1308 2165 1647 2253 Ζηνωνίὸα
1680 2166 2056 2252 Διἰγούοταν
2086 2168 2307 2255 ἔστεψε
2337 2169 2445 2236 καὶ
2478 2169 2662 2257 Μάρ-

359 2283 394 2343 ’1
413 2292 532 2337 κον
576 2270 685 2336 τὸν
729 2270 869 2337 υίὸν
924 2270 1396 2356 προεχειρίσατο
1444 2269 1761 2356 Καίσαρα.
1854 2269 1934 2358 ἦν
1993 2271 2063 2337 δὲ·
2117 2272 2226 2339 καὶ
2284 2270 2470 2346 οὗτος
2525 2274 2665 2349 τούς

412 2399 477 2441 τε
520 2375 797 2461 τρόπους
843 2375 1032 2442 οὕόὲν
1059 2374 1321 2461 βελτίων
1352 2380 1466 2442 τοῦ
1500 2373 1809 2461 Ζήνωνος
1829 2465 1833 2470 ‚
1853 2374 1962 2443 καὶ
2005 2377 2150 2464 περὶ
2193 2375 2265 2443 τὸ
2292 2378 2504 2473 ,σέβας
2550 2378 2663 2445 οὐκ

417 2591 445 2647 1
478 2557 727 2684 βασιλεία
765 2592 992 2654 Λέοντος
1027 2597 1121 2648 τοῦ
1157 2599 1361 2664 μικροῦ
1397 2590 1580 2660 ACD,
1616 2592 1779 2649 Λέων
1812 2593 1846 2649 δ
1878 2594 2076 2663 μικρός
2114 2593 2163 2650 Ε
2363 2594 2399 2651 5
2433 2593 2665 2667 βασιλεία

412 2664 668 2736 Ζηνωνος
704 2663 917 2723 ΛΟΒΕ
1065 2665 1134 2721 16
1168 2666 1404 2737 βασιλεία
1444 2665 1774 2721 Βασιλίσκου
1813 2663 2027 2723 ΑΟΒΕ

518 2866 557 2921 4
591 2865 756 2922 αὐτοῦ
793 2865 998 2939 Dsswp
1176 2864 1212 2921 5
1249 2872 1342 2922 τοῦ
1380 2881 1498 2923 om.
1536 2866 1585 2922 E
1767 2866 1837 2923 12
1873 2864 2007 2937 κάκ]
2045 2865 2138 2923 καὶ
2176 2865 2225 2922 Ε
2409 2866 2477 2923 16
2512 2864 2603 2921 καὶ
2638 2863 2669 2920 ὅ

516 2939 823 3013 βασιλίσκος
858 2937 981 3009 ΑΕ,
1018 2938 1052 2994 δ
1082 2938 1395 3011 βασιλίσκος
1430 2938 1480 2992 δ’
1518 2937 1700 2995 ababa·
1737 2937 1885 3012 pr
2036 2938 2104 2995 19
2140 2960 2196 2995 τε
2234 2954 2348 2996 om.
2389 2938 2438 2994 E

411 3138 647 3197 tutibus
684 3145 812 3196 tum
849 3153 1085 3196 summa
1124 3137 1464 3195 elementia.
1538 3137 1960 3197 consueverat
1998 3140 2161 3197 enim
2199 3139 2406 3197 dicere
2430 3137 2570 3196 “Ita
2602 3141 2665 3194 ut

412 3212 520 3283 sol,
560 3212 784 3283 quibus
821 3212 999 3281 lueet,
1049 3211 1312 3267 calorem
1352 3213 1635 3284 impertit,
1685 3212 1770 3269 ita
1808 3213 1991 3269 etiam
2031 3213 2110 3268 ab
2149 3228 2319 3286 rege,
2373 3226 2663 3284 quoscun-

413 3300 534 3358 que
573 3286 900 3357 aspexerit,
939 3284 981 3339 ii
1020 3283 1341 3340 elementia
1378 3289 1523 3341 sunt
1560 3284 1828 3341 habendi
1867 3284 2104 3356 digui⁸’.

592 3357 644 3413 2.
715 3355 987 3413 Relictus
1032 3356 1225 3443 igitur
1270 3370 1474 3413 aunon
1517 3355 1656 3413 Lao
1705 3356 1907 3413 adhuc
1953 3356 2158 3414 infans
2203 3372 2397 3414 unum
2443 3368 2665 3413 annum

414 3429 569 3486 vixit
614 3430 678 3485 in
725 3443 921 3500 regno
960 3434 1021 3485 et
1060 3430 1262 3485 infans
1301 3435 1668 3484 consecutus
1705 3433 1797 3488 est
1835 3444 2021 3486 avum
2060 3434 2237 3501 patre
2272 3445 2387 3486 suo
2425 3428 2663 3486 Zenone

412 3502 624 3560 relicto
662 3516 832 3574 rege,
870 3501 1046 3558 euius
1085 3501 1269 3573 capiti
1308 3501 1440 3573 ipse
1477 3502 1603 3557 suis
1647 3501 1931 3557 manibus
1969 3501 2254 3558 diadema
2281 3502 2665 3574 imposuerat.

358 3576 395 3635 2
591 3574 730 3630 Fuit
769 3579 974 3629 autem
1002 3572 1174 3628 Zuxo
1215 3577 1384 3634 ortus
1410 3588 1446 3628 e
1479 3572 1705 3645 populo
1746 3573 2097 3630 foedissimo
2125 3573 2419 3644 Isaurico,
2456 3571 2665 3629 foedis·

412 3647 601 3703 simus
643 3652 704 3702 et
742 3646 874 3717 ipse
914 3649 1042 3700 tum
1082 3648 1279 3700 forma
1316 3651 1447 3700 tum
1485 3646 1705 3713 animo,
1764 3645 1849 3700 ita
1893 3651 1963 3700 ut
2008 3661 2135 3701 non
2179 3650 2249 3701 ut
2286 3659 2398 3702 rex
2438 3646 2665 3700 teneret

358 3721 674 3788 areguum
713 3716 823 3773 sed
861 3711 1043 3787 plano
1082 3721 1150 3771 ιιι
1189 3721 1507 3786 tyrannus.
1581 3716 1853 3772 Fratrem
1892 3716 2159 3775 habebat
2198 3716 2530 3782 Cononem,
2567 3714 2684 3785 qui.

412 3792 603 3845 fratre
642 3787 1002 3858 flagitiosior
1041 3787 1333 3843 caedibus
1359 3788 1676 3857 gaudebat
1702 3788 2135 3860 hominumque
2161 3786 2665 3844 trucidationibus

357 3860 851 3920 4delectabatur.
936 3858 1097 3915 IIuie
1153 3858 1381 3915 Zenoni
1438 3858 1782 3922 Basiliscus,
1839 3862 2095 3930 reginae
2149 3859 2408 3917 Verinae
2465 3862 2663 3925 frater,

414 3932 491 3989 de
548 3947 671 4004 quo
729 3938 874 3988 ante
931 3931 1215 4001 diximus,
1271 3932 1333 3987 in
1372 3930 1637 3986 Thracia
1687 3930 1910 3987 bellum
1956 3930 2176 4002 intulit,
2232 3930 2664 3987 adiuvantibus

360 4005 638 4067 §verina
677 4009 737 4060 et
777 4003 1083 4060 nonnullis
1128 4003 1533 4059 senatoribus.
1608 4002 1769 4058 Zeno
1823 4010 2045 4072 autem,
2107 4009 2176 4060 ut
2225 4003 2359 4060 erat
2405 4004 2663 4074 ignavus

413 4083 475 4133 et
528 4078 933 4142 effeminatus,
988 4091 1127 4132 oum
1177 4074 1450 4131 Ariadna
1505 4080 1702 4131 uxore
1747 4076 1809 4131 in
1859 4074 2158 4132 Isauriam
2210 4076 2289 4131 ad
2342 4076 2663 4149 populares

413 4150 618 4206 statim
658 4150 955 4220 confugit.
2041 4204 2045 4208 ,

358 4226 394 4286 6
593 4221 961 4279 ΒΛειωεονε
1001 4222 1065 4278 in
1104 4220 1330 4294 Campo
1382 4220 1684 4277 salutatus
1728 4235 1838 4276 rex
1878 4224 1939 4275 et
1975 4233 2235 4275 uxorem
2274 4234 2448 4274 suam
2489 4217 2663 4275 Zeno·

412 4294 617 4353 uidem
656 4295 999 4366 insignibus
1037 4294 1360 4367 Augustae
1399 4294 1643 4351 ornavit
1687 4298 1748 4350 et
1785 4292 2057 4349 Marcum
2105 4290 2293 4349 fllium
2339 4307 2418 4364 ap
2465 4290 2663 4349 ellavit
2844 4345 2845 4362 χ

357 4367 754 4441 τῦαεεειιοιιι.
832 4366 971 4426 Fuit
1009 4368 1106 4425 hic
1145 4382 1392 4442 quoque
1430 4372 1492 4425 et
1529 4367 1801 4424 morIbus
1839 4365 2025 4424 nihilo
2049 4366 2403 4424 melioribus
2473 4376 2663 4422 enone
2843 4405 2846 4595 ρ
