2870 4966
431 414 544 474 340
1040 411 1317 477 zoNAR.
1356 414 1560 478 ΕΡῙΤ.
1597 411 1711 477 xv
1747 417 1836 492 22,
1873 415 2107 480 25-86.

308 666 311 669 ,
431 603 544 687 τῆς
585 598 906 688 βασιλείου
952 599 1176 688 ἀρχῆς,
1216 598 1334 668 ’τὸν
1369 600 1455 669 ’δέ
1499 625 1570 690 γε
1593 601 1820 689 ’τρίτον
1869 601 1971 692 (ὃς
2015 600 2205 682 οὗτος
2248 603 2330 697 ἦν
2360 605 2400 673 ό
2431 603 2698 701 Θωμᾶς)

431 702 816 792 ἐπιχειρῆσαι
859 702 982 791 μὲν
1024 704 1344 791 τυραννίδι
1387 703 1499 773 καὶ
1543 706 1777 794 ἐαυτῷ
1810 707 2193 794 περιθέσθαι
2249 709 2550 799 διάδημα,
2611 714 2698 805 μὴ

337 811 411 871 26
425 806 640 894 μέντοι
697 805 807 875 καὶ
865 811 977 895 τῆς
1032 807 1349 895 βασιλείας
1402 814 1627 897 τυχεῖν.
1720 806 1910 887 οὗτος
1962 812 2191 902 τοίνυν,
2258 814 2355 891 ὥς
2412 814 2538 904 ἤδη
2594 842 2701 905 μοι

427 911 682 999 εἴρηται,
746 911 973 1000 ἅρχων
1024 912 1340 988 καταστὰς
1383 919 1497 982 τοῦ
1542 914 1863 1002 τάγματος
1905 920 2037 984 τῶν
2083 917 2488 1005 φοιδεράτων
2529 920 2699 1009 παρὰ

361 1021 409 1082 C
425 1021 539 1082 τοῦ
593 1015 893 1101 Λέοντος,
961 1016 1056 1090 ὡς
1111 1016 1279 1102 ἔγνω
1334 1016 1445 1085 τὸν
1498 1018 1832 1106 εὐεργέτην
1886 1020 2299 1108 ἀναιρεθέντα
2356 1022 2535 1110 παρὰ
2592 1031 2700 1094 τοῦ
2715 1039 2747 1097 5

429 1118 712 1207 ΛΙιχαήλ,
776 1125 888 1207 τῷ
915 1120 1037 1208 μὲν
1084 1121 1297 1188 δοκεῖν
1341 1127 1649 1209 τιμωρῶν
1695 1123 1941 1211 ἐκείνῳ,
2001 1131 2097 1211 τῷ·
2144 1121 2203 1193 δ’
2253 1127 2382 1194 ὄντι
2426 1126 2541 1214 τὴν
2583 1129 2698 1214 βα-

403 1224 656 1305 σιλείαν
701 1223 1097 1310 καραδοκῶν
1143 1225 1415 1315 ἀνταίρει
1460 1234 1556 1315 τῷ
1585 1226 1852 1315 Μχαὴλ
1898 1228 2007 1295 καὶ
2054 1229 2391 1305 συναλίσας
2437 1230 2701 1320 δύναμιν

426 1330 549 1396 οὐκ
595 1329 1159 1418 εὐκαταφρόνητον
1205 1332 1464 1399 ἅπασαν
1509 1332 1740 1420 σχεδὸν
1784 1334 1899 1420 τὴν
1944 1334 2118 1419 ἑῴαν
2161 1342 2400 1423 μοῖραν
2454 1336 2698 1423 ἐσφετε-

424 1434 644 1519 ρίσατο
700 1432 811 1501 καὶ
874 1433 1022 1509 τοὺς
1088 1436 1439 1523 δημοσίους
1502 1437 1754 1524 φόρους
1818 1439 1999 1525 αὐτῷ
2062 1430 2443 1526 κομίζεσθαι
2505 1466 2708 1529 παρεε

332 1548 406 1608 27
425 1538 712 1616 σκεύαζε.
749 1575 753 1581 -
804 1539 914 1606 καὶ
958 1538 1158 1614 πολὺς
1204 1541 1498 1608 ἐντεῦθεν
1544 1541 1884 1628 γενόμενος
1930 1544 2171 1631 ἐπῆλθε
2216 1544 2325 1610 καὶ
2368 1551 2497 1619 τοῖς
2519 1546 2774 1632 'Ara-10

425 1649 663 1729 ρηνοῒς,
698 1643 1069 1731 ἀδεέστερον
1098 1645 1234 1711 τότε
1264 1651 1478 1713 πᾶσαν
1508 1646 1904 1734 ληιζομένοις
1933 1650 2160 1734 χώραν
2192 1648 2302 1715 καὶ
2332 1649 2443 1723 τὰς
2472 1651 2703 1738 νήσους

332 1758 408 1816 28
425 1746 622 1821 αὐτὰς
669 1747 772 1814 διὰ
818 1747 928 1815 τὸν
983 1748 1294 1836 ἐμφύλιον
1349 1751 1649 1836 πόλεμον.
1741 1752 1851 1818 καὶ
1906 1752 2202 1820 ἐπελθὼν
2258 1755 2543 1841 ἀνέκυψε
2597 1762 2702 1842 τῆς

424 1858 640 1938 φορᾶς
673 1853 781 1919 καὶ
829 1853 1172 1939 ἀνακύψας
1216 1856 1967 1941 παρεστρατοπεδεύσατο
2012 1857 2122 1924 καὶ
2153 1859 2219 1931 ἐς
2249 1859 2480 1945 λόγους
2510 1858 2702 1945 ἦλθεν

424 1959 638 2031 αὐτοῖς
682 1957 791 2024 καὶ
836 1960 1022 2044 ἥκων
1067 1960 1156 2032 εἷς
1199 1959 1432 2045 λόγους
1479 1961 1806 2027 ἐσπείσατο
1853 1960 1955 2028 ἐπὶ
2001 1965 2357 2049 συνθήκαις
2401 1969 2515 2030 τοῦ
2546 1963 2698 2030 Ῥω-

420 2067 680 2149 μαϊκῶν
727 2062 928 2148 ὁρίων
972 2072 1445 2152 παραχωρῆσαι
1491 2066 1723 2143 αὐτοῖς,
1779 2068 1838 2131 εἷ
1877 2073 1988 2154 τῆς
2031 2067 2349 2153 βασιλείας
2395 2069 2701 2156 ἐγκρατὴς
2717 2078 2771 2135 15

233 2175 293 2235 D
332 2178 405 2236 29
424 2168 681 2252 γένοιτο.
774 2168 947 2234 οὕτω
1010 2168 1081 2235 δὲ
1137 2174 1330 2235 ταῦτα
1381 2169 1868 2258 διοικησάμενος
1912 2171 2021 2239 καὶ
2065 2170 2182 2261 τὴν
2226 2172 2515 2261 κεφαλὴν
2561 2174 2697 2242 ἀνε-

425 2272 664 2359 δήσατο
728 2272 929 2358 ταινίᾳ
986 2272 1280 2361 βασιλικῇ
1334 2273 1445 2342 καὶ
1502 2269 1923 2363 αὐτοκράτωρ
1983 2276 2314 2365 ἀνερρήθη
2371 2277 2533 2345 κατὰ
2590 2276 2699 2365 τὴν

412 2375 791 2464 Ἀντιόχειαν
839 2375 1017 2463 παρὰ
1064 2383 1176 2443 τοῦ
1221 2377 1358 2446 τότε
1401 2379 1513 2446 τὸν
1558 2379 1804 2466 θρόνον
1850 2380 2047 2469 αὐτῆς
2091 2380 2202 2448 τὸν
2246 2379 2759 2470 πατριαρχικὸνῐ)
2776 2398 2857 2456 Πῐε

425 2575 494 2632 16
529 2577 607 2632 ὅτι
644 2576 925 2649 περιέθετο
961 2554 1137 2650 ἑαυτῷ
1175 2578 1207 2635 ὀ
1249 2541 1456 2651 Θωμᾶς
1492 2576 1555 2637 τὰ
1590 2586 1685 2655 τῆς
1719 2579 1994 2654 βασιλείας
2028 2581 2328 2655 παράσημα
2368 2579 2415 2641 C

530 2773 565 2829 2
601 2772 958 2847 ἐπιχειρήσειν
997 2772 1052 2830 D
1198 2775 1234 2831 3
1271 2782 1451 2847 τυχεῖν
1486 2773 1819 2849 AEwap,
1858 2775 1915 2832 ἐν
1954 2777 2223 2850 πράγματι
2264 2776 2591 2849 (πράγμασιν
2626 2776 2694 2848 Β)

528 2846 899 2912 ἕπιτεύξασθαι
929 2849 1131 2914 (-εσθαι
1155 2846 1223 2916 C)
1251 2848 1300 2905 Ο
1446 2848 1500 2906 3.
1524 2848 1562 2904 4
1581 2849 1686 2921 ἤδη
1711 2879 1777 2891 -
1800 2850 2027 2922 εἴρηται]
2053 2851 2374 2923 προεγράφη
2398 2850 2447 2908 Ο
2473 2853 2577 2910 Wo
2595 2851 2695 2908 lat.

528 2918 567 2976 4
592 2920 816 2993 εἴρηται]
844 2921 954 2980 XV
983 2922 1069 2992 19,
1101 2922 1166 2978 12
1305 2928 1398 2979 τοῦ
1423 2929 1534 2978 τῶν
1559 2921 1901 2995 φοιδεράτων
1926 2923 2021 2996 τάγ
2065 2945 2189 2985 ατος
2216 2923 2265 2983 Ο
2413 2923 2448 2981 6
2475 2933 2554 2996 τῷ
2577 2922 2693 2997 μὲν]
2727 2929 2733 2936 ’

528 2993 589 3049 τό
610 2993 711 3065 μὲν
737 2994 793 3050 D
931 2996 965 3052 7
992 2995 1234 3067 ἀνταιρεῒ
1253 2995 1310 3052 D
1445 2998 1480 3051 8
1502 2997 1693 3067 μείραν
1721 2996 1795 3067 D,
1825 3012 1980 3054 corr.
2008 2945 2113 3058 ὄιν
2253 2997 2288 3054 9
2313 2996 2461 3069 αὐτῷ
2489 2999 2695 3070 κομίζε·

528 3069 657 3124 σθαι
695 3070 1064 3140 παρεσκεύασε
1102 3068 1490 3140 (παρεσκεύαζε
1526 3066 1604 3135 A)
1643 3068 1976 3144 Al⁴2wa1›,
2018 3070 2199 3133 αὐτοῖς
2239 3069 2554 3128 ὠκειώσατο
2591 3071 2639 3129 Ο

532 3141 599 3197 12
639 3148 776 3214 post
812 3142 1084 3215 ἀνέκοψεν
1122 3142 1263 3199 add.
1301 3141 1496 3205 αὐτοὺς
1535 3141 1684 3215 pr
1837 3144 1905 3199 13
1940 3143 2588 3217 ἑπαρεστρατοπεδεύσατο
2626 3143 2694 3214 D,

529 3231 687 3272 corr.
726 3213 831 3277 Dw
978 3215 1146 3288 ἦλθεν
1171 3214 1393 3289 AEwp,
1433 3216 1570 3288 ἧκεν
1597 3216 1647 3273 O
1796 3217 1864 3272 14
1901 3215 2082 3274 ἐλθὼν
2119 3216 2164 3275 C
2308 3217 2363 3279 ἐς
2401 3216 2464 3289 0,
2504 3217 2614 3275 sed
2641 3233 2693 3274 v.

528 3289 609 3344 acl
630 3288 769 3346 XIV
796 3290 879 3360 12,
904 3289 972 3346 14
1122 3290 1205 3346 15.
1231 3291 1298 3345 16
1318 3290 1518 3362 γένοιτο
1540 3288 1802 3362 ἐγκρατής
1823 3289 1872 3347 Ο
2023 3291 2091 3347 17
2110 3290 2413 3362 βασιλικῶν
2432 3291 2506 3362 D,
2538 3307 2695 3349 corr.

526 3361 633 3423 Dw
782 3364 853 3418 18
890 3370 983 3419 τοῦ
1021 3361 1154 3434 τότε]
1194 3364 1351 3419 τοῦτό
1385 3384 1442 3418 τε
1482 3363 1536 3419 D
1682 3363 1844 3436 αὐτῆς
1883 3368 2022 3436 post
2057 3363 2453 3436 πατριαρχικδν
2491 3365 2540 3421 Ε

415 3573 612 3630 regno
650 3559 956 3630 ‘potituros
994 3573 1145 3630 esse,
1194 3560 1443 3616 tertium
1494 3559 1567 3626 (is
1617 3574 1768 3617 vero
1808 3558 2075 3617 Thomas
2124 3563 2281 3628 erat)
2337 3560 2694 3618 invasurum

414 3630 584 3687 illum
635 3632 883 3703 quidem
932 3631 1323 3704 tyrannidem
1373 3648 1451 3688 ae
1506 3633 1790 3689 diadema
1842 3632 1957 3689 sibi
1995 3633 2438 3705 ‘impositurum
2494 3648 2694 3706 neque

323 3704 567 3762 severo
615 3706 793 3776 regni
847 3709 1190 3778 compotem
1244 3707 1395 3776 fore,
1455 3706 1818 3762 seditionem
1867 3707 2181 3763 excitavit.
2255 3705 2315 3763 Is
2372 3707 2581 3779 igitur,
2627 3709 2696 3762 ut

415 3783 561 3834 ante
624 3778 855 3835 dietum·
921 3783 1028 3847 est,
1088 3793 1126 3834 a
1181 3776 1392 3835 Leone
1458 3778 1919 3836 foederatorum
1992 3779 2223 3853 legioni
2288 3780 2691 3854 praepositus,

414 3855 485 3909 ut
516 3851 855 3982 principem
908 3851 985 3909 ‹le
1031 3867 1097 3909 se
1146 3851 1306 3910 bene
1354 3852 1639 3909 meritum
1678 3867 1717 3909 a
1754 3851 2050 3911 Michaffle
2096 3868 2343 3912 caesum
2383 3853 2692 3927 cognovit,

414 3940 526 4000 por
564 3942 709 4001 spec
737 3942 830 3982 em
870 3925 1041 3983 neeis
1079 3924 1240 3982 illius
1286 3924 1716 3997 vindicandae,
1775 3942 1913 3983 eum
1953 3941 2019 3986 re
2059 3941 2212 3985 vera
2250 3942 2514 4000 regnum
2553 3926 2692 3984 affe·

415 4003 629 4068 staret,
666 3997 1025 4057 Micbasslem
1053 4003 1146 4056 est
1177 4013 1516 4072 aggressus
1544 4000 1898 4072 coactisque
1927 4001 2119 4072 copiis
2146 4016 2271 4058 non
2307 4005 2692 4057 contemnen-

415 4072 508 4128 dis
564 4073 889 4129 universas
953 4074 1085 4130 fere
1152 4072 1482 4129 orientales
1544 4073 1900 4145 provincias
1964 4075 2295 4146 occupavit
2357 4086 2691 4145 earumque

323 4142 395 4203 27
417 4145 748 4218 vectigalia
806 4145 1055 4219 publica
1103 4145 1217 4202 sibi
1269 4145 1588 4203 afferenda
1637 4147 1915 4203 curabat.
1990 4145 2170 4204 Unde
2226 4148 2425 4203 auctis
2474 4147 2691 4219 opibus

414 4219 598 4275 etimn
640 4219 968 4291 Agarenos
1018 4218 1244 4274 invasit
1322 4221 1425 4291 qui
1481 4225 1610 4274 tum
1667 4234 1880 4275 omnes
1917 4220 2272 4291 provincias
2310 4224 2371 4278 et
2408 4221 2573 4292 ipsas
2610 4220 2692 4274 in·

323 4291 580 4348 288111218
633 4292 711 4347 ob
761 4293 1116 4349 intestinum
1171 4259 1396 4348 beilum
1458 4290 1760 4372 audacius
1823 4292 2301 4364 populabantur,
2359 4305 2692 4362 eorumque

414 4364 645 4436 impetu
684 4381 967 4438 represso
1006 4371 1065 4423 et
1099 4366 1314 4422 castris
1343 4370 1535 4442 prope
1562 4365 1774 4437 positis
1803 4370 1863 4422 et
1890 4365 2100 4421 habito
2129 4365 2432 4438 colloquio
2462 4364 2694 4438 pepigit

322 4436 496 4507 mse,
544 4439 592 4494 si
635 4454 829 4509 regno
871 4440 1189 4512 potii-etur,
1245 4440 1332 4495 eis
1371 4439 1597 4495 tinibus
1640 4438 1931 4495 Romanis
1972 4454 2106 4495 esse
2146 4455 2482 4497 cessurum.
2559 4438 2693 4505 Qui·

417 4512 530 4571 bun
572 4513 756 4570 rebus
797 4513 1061 4589 pemeus
1117 4516 1304 4589 vaput
1361 4512 1711 4570 ‹liademate
1768 4511 1943 4587 regio
2009 4517 2191 4570 ornat
2248 4517 2309 4571 et
2364 4515 2693 4589 imperator

1676 4668 2315 4943 Δ
2544 4782 2548 4792 μ

1718 4795 1727 4805 ‘a
